2460 3834
116 159 158 223 26
267 159 400 214 APVLEI
419 159 772 215 METAMORPHOSEON
791 161 857 224 LIB.
873 159 906 227 II,
927 166 951 213 2.
971 165 987 212 3

62 269 191 385 mmihi
219 323 359 386 feminaa'
392 331 555 388 etstatim
587 330 694 388 rubore
727 329 855 387 suffusus
887 329 1001 386 deiecto
1034 328 1132 403 capite

74 431 101 468 87
114 417 221 475 restiti.
275 420 307 475 at
336 417 391 475 illa
421 420 560 493 optutum
591 420 623 475 in
653 438 700 477 me
733 436 888 477 conuersa:
922 411 991 490 ‘en’,
1023 418 1132 491 inquit,

116 500 333 564 ‘sanctissimae
367 504 487 565 Saluiae
520 509 625 565 matris
658 526 801 584 generosa
833 505 981 582 probitas,
1018 505 1069 563 sed
1102 508 1133 563 et

115 597 214 652 cetera
248 597 378 670 corporis
403 597 636 662 †execrabiliter
668 597 706 654 ad
734 596 870 672 regulam
901 589 974 673 [qua
1007 593 1132 670 diligen-

89 685 163 743 ater
186 683 302 758 ahquid
335 682 503 762 adfingunt]
528 689 597 743 suat
627 685 838 761 congruentia:
870 682 1031 741 inenormis
1064 701 1131 757 pro-

75 789 102 828 sc
116 773 233 845 ceritas,
263 774 418 831 suculento
450 775 613 850 gracilitaS,
645 775 735 832 rubor
767 776 959 848 temperatus,
986 766 995 850 11
1020 771 1133 829 flauum

116 865 145 919 et
173 860 389 920 inadfectatum
417 863 611 938 capillitium,
644 863 723 922 oculi
747 856 895 940 cae[ci]sii
919 861 1052 937 quidem,
1081 860 1132 918 sed

74 968 102 1007 aa
115 949 223 1026 uigiles
247 954 277 1008 et
301 951 333 1007 iu
359 954 483 1027 aspectu
508 952 660 1026 micantes
688 970 809 1027 prorsus
833 951 975 1025 aquilini,
999 968 1031 1007 os
1060 968 1131 1023 quo-

117 1057 296 1113 quouersum
326 1039 472 1114 floridum,
504 1041 653 1116 speciosus
683 1043 713 1099 et
745 1039 949 1098 immeditatus
980 1033 1129 1096 incessus?

80 1130 148 1186 sec
174 1127 296 1186 adiecit:
323 1123 389 1205 ‘ego
414 1132 455 1202 te,
483 1149 500 1187 ο
526 1129 609 1200 Luci,
637 1133 710 1188 meis
738 1128 805 1187 istis
833 1128 970 1186 manibus
996 1128 1132 1200 educaui,

76 1242 101 1282 11
116 1215 240 1290 quidni?
250 1217 382 1291 parentis
390 1221 460 1276 tuae
470 1236 529 1275 non
536 1218 624 1276 modo
636 1218 798 1296 sanguinis
808 1237 912 1275 uerum
922 1216 1133 1274 alimoniarum

116 1307 208 1363 etiam
225 1300 373 1384 socia[m].
410 1327 480 1365 nam
495 1311 525 1366 et
538 1307 655 1365 familia
669 1307 825 1365 Plutarchi
845 1306 948 1364 ambae
967 1310 1132 1382 prognatae

116 1412 218 1452 sumus
252 1397 281 1452 et
314 1396 436 1453 eandem
469 1397 615 1455 nutricem
648 1397 737 1455 simul
769 1395 897 1454 bibimus
931 1397 960 1453 et
991 1397 1023 1451 in
1045 1413 1133 1452 nexu
1147 1405 1172 1442 1⁹

117 1476 333 1562 garimanitatis
352 1504 412 1542 una
432 1486 603 1544 coaluimus
643 1505 697 1544 nec
716 1486 798 1543 aliud
816 1503 870 1544 nos
889 1503 981 1558 quam
1000 1483 1132 1559 dignitas

76 1597 102 1638 15
117 1572 267 1646 discernit,
309 1574 388 1648 quod
424 1574 479 1632 illa
498 1561 705 1647 clarissimae,
747 1592 801 1650 ego
838 1575 973 1648 priuatas
1010 1574 1131 1646 nuptias

75 1662 281 1720 refecerimus.
329 1682 382 1740 ego
411 1682 476 1721 sum
503 1664 638 1739 Byrrena
668 1665 730 1736 illa,
762 1665 845 1721 cuius
876 1664 952 1719 forte
983 1662 1131 1735 saepicule

115 1769 222 1808 nomen
241 1752 320 1809 inter
342 1753 410 1810 tuos
430 1752 602 1810 educatores
625 1752 848 1826 frequentatum
870 1753 989 1808 retines
1027 1751 1132 1808 accede

115 1840 217 1913 itaque
240 1839 405 1916 hospitium
428 1840 545 1915 fiducia,
573 1842 663 1899 immo
687 1860 758 1899 uero
782 1841 842 1898 iam
865 1843 951 1897 tuum
977 1841 1132 1914 proprium

114 1922 228 1987 larem'

76 2044 102 2084 20
129 2082 131 2086 .
186 2017 232 2075 Ad
249 2019 322 2076 haec
337 2037 401 2093 ego,
420 2020 480 2076 iam
500 2019 642 2076 sermonis
661 2018 755 2094 ipsius
774 2036 858 2075 mora
876 2017 983 2076 rubore
1002 2017 1131 2093 digesto:

118 2101 229 2180 ‘absit',
259 2108 390 2181 inquam,
423 2102 549 2182 ‘parens⁷
579 2111 613 2165 ut
635 2107 777 2166 Milonem
805 2107 954 2182 hospitem
982 2107 1046 2164 sine
1069 2105 1133 2162 ulla

117 2196 238 2269 querela
266 2196 412 2270 deseram3
442 2197 493 2254 sed
515 2197 614 2271 plane,
645 2196 725 2270 quod
752 2195 857 2253 officiis
885 2196 1010 2271 integris
1034 2197 1133 2268 potest

117 2283 203 2356 effici,
227 2284 335 2342 curabo
355 2285 467 2343 sedulo.
505 2285 621 2360 quoties
642 2286 758 2342 itineris
781 2285 869 2342 huius
888 2285 966 2342 ratio
986 2286 1132 2357 nascetur,

116 2392 280 2447 numquam
303 2375 368 2447 erit,
391 2376 508 2432 utnon
532 2374 612 2450 apud
634 2376 664 2432 te
688 2368 847 2432 deuertar.'

77 2489 102 2528 2⁶
184 2461 264 2519 Dum
305 2462 382 2520 hunc
420 2467 449 2521 et
487 2463 576 2521 huius
617 2462 699 2521 modi
739 2482 904 2521 sermonem
945 2461 1133 2534 alteroamur,

187 2612 296 2665 Freoss.
326 2613 435 2680 (128*1,
538 2613 676 2666 lrciecto
696 2615 738 2682 (φ)
767 2630 814 2666 em.
835 2613 899 2668 Oclv
925 2614 1033 2679 cfi53,3
1053 2613 1133 2675 71,13

116 2684 165 2738 IV
172 2688 207 2738 35
218 2684 285 2737 med.
386 2683 674 2750 texaequabiliterc
710 2682 948 2752 inexplicabiliter
969 2682 1071 2736 Gruter

116 2754 159 2825 4113
178 2755 212 2806 ad
232 2770 289 2823 reg.
304 2754 338 2820 cf.
355 2755 525 2807 adamussim
544 2755 641 2809 Vitrea
655 2756 677 2808 I
687 2760 733 2818 6,6
751 2757 824 2809 Nou.
848 2756 941 2819 9,3M.
1032 2768 1088 2819 qua
1099 2783 1131 2790 -

117 2826 264 2894 adfingunt
288 2827 515 2893 interpretantem.
549 2844 656 2896 coquos.
691 2827 795 2880 Wowcr
979 2831 994 2877 5
1029 2823 1053 2876 11
1091 2825 1132 2891 (φ,

115 2897 162 2950 scd
180 2899 217 2950 ai.
235 2914 270 2950 m.
289 2897 354 2950 odd.
373 2896 428 2965 ma)
452 2899 552 2952 sunto
696 2914 782 2950 execr.
812 2896 848 2949 ad
876 2895 1010 2949 amussim
1038 2911 1131 2963 congr.

116 2968 248 3038 Plasberg
275 2974 354 3022 rotas
367 2967 582 3037 reg—adfing.
603 2971 831 3037 interpretantem.
847 2984 900 3021 csse
956 2972 969 3018 1
986 2965 1132 3038 cecilliqde

116 3041 159 3108 (φ)
179 3039 264 3092 caesii
283 3057 299 3094 c
330 3041 474 3109 scripsitae
493 3039 586 3093 caesi?
605 3041 639 3105 cf.
659 3040 732 3093 Phil.
750 3040 840 3107 suppl.
859 3039 909 3092 IX
917 3042 972 3091 570

117 3151 133 3198 8
153 3145 306 3213 aquiliniol
326 3148 368 3216 (φ)
392 3152 460 3200 recte
483 3147 638 3200 distincto
739 3151 771 3197 10
791 3122 880 3197 oluci
903 3122 917 3150 ⁰
935 3146 989 3198 oid.
1014 3144 1072 3198 eod.
1097 3161 1131 3196 m.

117 3253 181 3306 add.
220 3273 253 3319 p:
273 3229 330 3306 hici
349 3245 372 3322 (⁰
386 3270 420 3305 m.
435 3269 495 3318 rec,
514 3270 583 3321 quac
597 3253 679 3306 etiam
692 3253 724 3304 111
738 3251 809 3319 apol.
829 3267 920 3305 omues
935 3252 1070 3304 vocotioos
1084 3265 1132 3301 cco-

116 3325 195 3392 tavit)
291 3330 324 3378 12
344 3323 417 3377 socia
436 3326 478 3394 (φ)
498 3341 576 3377 crac
674 3328 706 3375 16
726 3321 843 3374 fecimus
857 3322 934 3375 chl
953 3322 988 3387 cf.
1000 3326 1041 3386 5,1

118 3400 150 3447 17
170 3412 271 3448 nomen
290 3395 431 3463 saepicule
450 3395 534 3462 Laeti
552 3395 587 3461 cf.
599 3397 661 3459 65,5
732 3391 931 3460 l'frequentati
949 3390 1132 3445 ''educa-tores

106 3467 147 3527 (φ,
174 3467 228 3517 sed
242 3468 327 3520 lebetis
342 3468 416 3534 quib.
437 3467 503 3521 ordo
521 3472 645 3521 mutatur
668 3465 767 3534 omiss.)
866 3470 899 3518 18
918 3463 1044 3532 hospiciis

89 3534 131 3577 23
147 3550 182 3584 m,
197 3551 253 3588 ree.
274 3543 304 3590 et
321 3558 358 3606 ua:
378 3538 516 3608 quotiens
