<?xml version="1.0" encoding="UTF-8"?>
<!DOCTYPE html PUBLIC "-//W3C//DTD XHTML 1.0 Transitional//EN"
    "http://www.w3.org/TR/xhtml1/DTD/xhtml1-transitional.dtd">
<html xmlns="http://www.w3.org/1999/xhtml" xml:lang="en" lang="en">
 <head>
  <title>
</title>
<meta http-equiv="Content-Type" content="text/html;charset=utf-8" />
  <meta name='ocr-system' content='tesseract 3.04.00' />
  <meta name='ocr-capabilities' content='ocr_page ocr_carea ocr_par ocr_line ocrx_word'/>
</head>
<body>
  <div class='ocr_page' id='page_1' title='image "apuleiplatonici01helmgoog_0066.png"; bbox 0 0 2460 3834; ppageno 0'>
   <div class='ocr_carea' id='block_1_1' title="bbox 225 198 1095 268">
    <p class='ocr_par' dir='ltr' id='par_1_1' title="bbox 225 198 1095 268">
     <span class='ocr_line' id='line_1_1' title="bbox 225 198 1095 268; baseline -0.005 -13"><span class='ocrx_word' id='word_1_1' title='bbox 225 199 358 255; x_wconf 81' lang='lat' dir='ltr'>APVLEI</span> <span class='ocrx_word' id='word_1_2' title='bbox 376 198 727 255; x_wconf 78' lang='lat' dir='ltr'>METAMORPHOSEON</span> <span class='ocrx_word' id='word_1_3' title='bbox 745 199 811 254; x_wconf 87' lang='lat' dir='ltr'>LIB.</span> <span class='ocrx_word' id='word_1_4' title='bbox 826 198 872 268; x_wconf 91' lang='lat' dir='ltr'>III,</span> <span class='ocrx_word' id='word_1_5' title='bbox 891 205 916 254; x_wconf 81' lang='lat'>2.</span> <span class='ocrx_word' id='word_1_6' title='bbox 935 202 951 252; x_wconf 75' lang='grc'><strong>3</strong></span> <span class='ocrx_word' id='word_1_7' title='bbox 1050 200 1095 266; x_wconf 76' lang='grc'>53</span> 
     </span>
    </p>
   </div>
   <div class='ocr_carea' id='block_1_2' title="bbox 24 311 1122 351">
    <p class='ocr_par' dir='ltr' id='par_1_2' title="bbox 24 311 1122 351">
     <span class='ocr_line' id='line_1_2' title="bbox 24 311 1122 351; baseline 0.001 -1"><span class='ocrx_word' id='word_1_8' title='bbox 24 311 72 350; x_wconf 80' lang='lat' dir='ltr'>Oud</span> <span class='ocrx_word' id='word_1_9' title='bbox 1102 311 1122 351; x_wconf 81' lang='grc' dir='ltr'><em>Ε</em></span> 
     </span>
    </p>
   </div>
   <div class='ocr_carea' id='block_1_3' title="bbox 23 369 1136 2493">
    <p class='ocr_par' dir='ltr' id='par_1_3' title="bbox 23 369 1136 2493">
     <span class='ocr_line' id='line_1_3' title="bbox 78 369 1095 446; baseline 0 -18"><span class='ocrx_word' id='word_1_10' title='bbox 78 371 269 446; x_wconf 75' lang='lat' dir='ltr'>angiportum</span> <span class='ocrx_word' id='word_1_11' title='bbox 297 371 479 444; x_wconf 78' lang='lat' dir='ltr'>insistimus,</span> <span class='ocrx_word' id='word_1_12' title='bbox 503 369 604 427; x_wconf 83' lang='lat' dir='ltr'>statim</span> <span class='ocrx_word' id='word_1_13' title='bbox 632 371 739 428; x_wconf 90' lang='lat' dir='ltr'>ciuitas</span> <span class='ocrx_word' id='word_1_14' title='bbox 763 369 858 427; x_wconf 89' lang='lat' dir='ltr'>omnis</span> <span class='ocrx_word' id='word_1_15' title='bbox 887 371 919 427; x_wconf 92' lang='lat' dir='ltr'>in</span> <span class='ocrx_word' id='word_1_16' title='bbox 945 369 1095 445; x_wconf 80' lang='lat' dir='ltr'>publicum</span> 
     </span>
     <span class='ocr_line' id='line_1_4' title="bbox 79 458 1094 536; baseline 0.001 -20"><span class='ocrx_word' id='word_1_17' title='bbox 79 459 171 518; x_wconf 88' lang='lat' dir='ltr'>effusa</span> <span class='ocrx_word' id='word_1_18' title='bbox 193 460 270 516; x_wconf 91' lang='lat' dir='ltr'>mira</span> <span class='ocrx_word' id='word_1_19' title='bbox 294 458 440 516; x_wconf 87' lang='lat' dir='ltr'>densitate</span> <span class='ocrx_word' id='word_1_20' title='bbox 459 477 512 517; x_wconf 91' lang='lat' dir='ltr'>nos</span> <span class='ocrx_word' id='word_1_21' title='bbox 535 459 712 533; x_wconf 78' lang='lat' dir='ltr'><strong>insequitur.</strong></span> <span class='ocrx_word' id='word_1_22' title='bbox 744 463 773 517; x_wconf 90' lang='lat' dir='ltr'>et</span> <span class='ocrx_word' id='word_1_23' title='bbox 792 477 974 536; x_wconf 86' lang='lat' dir='ltr'>quamquam</span> <span class='ocrx_word' id='word_1_24' title='bbox 998 459 1094 533; x_wconf 88' lang='lat' dir='ltr'>eapite</span> 
     </span>
     <span class='ocr_line' id='line_1_5' title="bbox 24 545 1110 628; baseline 0.001 -22"><span class='ocrx_word' id='word_1_25' title='bbox 24 559 64 599; x_wconf 80' lang='lat'>1⁷⁵</span> <span class='ocrx_word' id='word_1_26' title='bbox 78 549 111 606; x_wconf 93' lang='lat' dir='ltr'>in</span> <span class='ocrx_word' id='word_1_27' title='bbox 137 549 262 621; x_wconf 88' lang='lat' dir='ltr'>terrem,</span> <span class='ocrx_word' id='word_1_28' title='bbox 294 547 384 605; x_wconf 92' lang='lat' dir='ltr'>immo</span> <span class='ocrx_word' id='word_1_29' title='bbox 417 548 456 606; x_wconf 91' lang='lat' dir='ltr'>ad</span> <span class='ocrx_word' id='word_1_30' title='bbox 482 549 564 621; x_wconf 92' lang='lat' dir='ltr'>ipsos</span> <span class='ocrx_word' id='word_1_31' title='bbox 592 547 703 606; x_wconf 85' lang='lat' dir='ltr'>inferos</span> <span class='ocrx_word' id='word_1_32' title='bbox 733 548 794 606; x_wconf 88' lang='lat' dir='ltr'>iam</span> <span class='ocrx_word' id='word_1_33' title='bbox 822 545 935 605; x_wconf 90' lang='lat' dir='ltr'>deiecto</span> <span class='ocrx_word' id='word_1_34' title='bbox 963 550 1110 628; x_wconf 85' lang='lat' dir='ltr'>maestus</span> 
     </span>
     <span class='ocr_line' id='line_1_6' title="bbox 78 628 1109 712; baseline 0.001 -18"><span class='ocrx_word' id='word_1_35' title='bbox 78 635 260 709; x_wconf 79' lang='lat' dir='ltr'>incederem,</span> <span class='ocrx_word' id='word_1_36' title='bbox 301 635 454 711; x_wconf 90' lang='lat' dir='ltr'>obliquato</span> <span class='ocrx_word' id='word_1_37' title='bbox 491 639 592 694; x_wconf 86' lang='lat' dir='ltr'>tamen</span> <span class='ocrx_word' id='word_1_38' title='bbox 629 639 751 712; x_wconf 89' lang='lat' dir='ltr'>aspectu</span> <span class='ocrx_word' id='word_1_39' title='bbox 787 655 848 694; x_wconf 90' lang='lat' dir='ltr'>rem</span> <span class='ocrx_word' id='word_1_40' title='bbox 887 628 1109 695; x_wconf 65' lang='lat' dir='ltr'>admirationis</span> 
     </span>
     <span class='ocr_line' id='line_1_7' title="bbox 78 724 1133 801; baseline 0.003 -17"><span class='ocrx_word' id='word_1_41' title='bbox 78 727 225 784; x_wconf 87' lang='lat' dir='ltr'>maximae</span> <span class='ocrx_word' id='word_1_42' title='bbox 256 724 418 801; x_wconf 81' lang='lat' dir='ltr'>conspicio:</span> <span class='ocrx_word' id='word_1_43' title='bbox 447 743 518 782; x_wconf 87' lang='lat' dir='ltr'>nam</span> <span class='ocrx_word' id='word_1_44' title='bbox 544 726 623 783; x_wconf 87' lang='lat' dir='ltr'>inter</span> <span class='ocrx_word' id='word_1_45' title='bbox 649 728 696 784; x_wconf 92' lang='lat' dir='ltr'>tot</span> <span class='ocrx_word' id='word_1_46' title='bbox 724 725 809 784; x_wconf 86' lang='lat' dir='ltr'>milia</span> <span class='ocrx_word' id='word_1_47' title='bbox 836 725 943 800; x_wconf 91' lang='lat' dir='ltr'>populi</span> <span class='ocrx_word' id='word_1_48' title='bbox 970 725 1093 784; x_wconf 90' lang='lat' dir='ltr'>eircum-</span> <span class='ocrx_word' id='word_1_49' title='bbox 1121 747 1133 787; x_wconf 80' lang='lat' dir='ltr'>a</span> 
     </span>
     <span class='ocr_line' id='line_1_8' title="bbox 78 812 1095 890; baseline 0.001 -18"><span class='ocrx_word' id='word_1_50' title='bbox 78 814 233 888; x_wconf 77' lang='lat' dir='ltr'>fundentis</span> <span class='ocrx_word' id='word_1_51' title='bbox 269 832 355 872; x_wconf 89' lang='lat' dir='ltr'>nemo</span> <span class='ocrx_word' id='word_1_52' title='bbox 391 832 542 888; x_wconf 90' lang='lat' dir='ltr'>prorsum,</span> <span class='ocrx_word' id='word_1_53' title='bbox 584 815 635 890; x_wconf 92' lang='lat' dir='ltr'>qui</span> <span class='ocrx_word' id='word_1_54' title='bbox 671 833 732 872; x_wconf 90' lang='lat' dir='ltr'>non</span> <span class='ocrx_word' id='word_1_55' title='bbox 768 815 832 873; x_wconf 89' lang='lat' dir='ltr'>risu</span> <span class='ocrx_word' id='word_1_56' title='bbox 868 812 1095 888; x_wconf 81' lang='lat' dir='ltr'>dirumperetur,</span> 
     </span>
     <span class='ocr_line' id='line_1_9' title="bbox 80 902 1095 977; baseline 0.001 -17"><span class='ocrx_word' id='word_1_57' title='bbox 80 903 193 962; x_wconf 89' lang='lat' dir='ltr'>aderat.</span> <span class='ocrx_word' id='word_1_58' title='bbox 238 903 359 960; x_wconf 86' lang='lat' dir='ltr'>tandem</span> <span class='ocrx_word' id='word_1_59' title='bbox 382 904 542 977; x_wconf 88' lang='lat' dir='ltr'>pererratis</span> <span class='ocrx_word' id='word_1_60' title='bbox 565 903 673 977; x_wconf 90' lang='lat' dir='ltr'>plateis</span> <span class='ocrx_word' id='word_1_61' title='bbox 702 902 838 962; x_wconf 86' lang='lat' dir='ltr'>omnibus</span> <span class='ocrx_word' id='word_1_62' title='bbox 862 905 892 962; x_wconf 90' lang='lat' dir='ltr'>et</span> <span class='ocrx_word' id='word_1_63' title='bbox 918 905 950 960; x_wconf 93' lang='lat' dir='ltr'>in</span> <span class='ocrx_word' id='word_1_64' title='bbox 973 904 1095 962; x_wconf 94' lang='lat' dir='ltr'>modum</span> 
     </span>
     <span class='ocr_line' id='line_1_10' title="bbox 80 991 1095 1068; baseline 0.001 -18"><span class='ocrx_word' id='word_1_65' title='bbox 80 1011 195 1066; x_wconf 91' lang='lat' dir='ltr'>eorum,</span> <span class='ocrx_word' id='word_1_66' title='bbox 228 991 335 1066; x_wconf 91' lang='lat' dir='ltr'>quibus</span> <span class='ocrx_word' id='word_1_67' title='bbox 368 991 542 1051; x_wconf 90' lang='lat' dir='ltr'>lustralibus</span> <span class='ocrx_word' id='word_1_68' title='bbox 573 993 732 1068; x_wconf 72' lang='lat' dir='ltr'>piamentis</span> <span class='ocrx_word' id='word_1_69' title='bbox 764 994 861 1051; x_wconf 90' lang='lat' dir='ltr'>minas</span> <span class='ocrx_word' id='word_1_70' title='bbox 889 995 1095 1067; x_wconf 88' lang='lat' dir='ltr'>portentorum</span> 
     </span>
     <span class='ocr_line' id='line_1_11' title="bbox 79 1081 1135 1158; baseline -0.006 -18"><span class='ocrx_word' id='word_1_71' title='bbox 79 1082 185 1141; x_wconf 85' lang='lat' dir='ltr'>hostiis</span> <span class='ocrx_word' id='word_1_72' title='bbox 222 1082 462 1139; x_wconf 82' lang='lat' dir='ltr'>circumforaneis</span> <span class='ocrx_word' id='word_1_73' title='bbox 495 1081 631 1157; x_wconf 85' lang='lat' dir='ltr'>expiant,</span> <span class='ocrx_word' id='word_1_74' title='bbox 668 1081 885 1140; x_wconf 88' lang='lat' dir='ltr'>circumductus</span> <span class='ocrx_word' id='word_1_75' title='bbox 917 1082 1094 1158; x_wconf 73' lang='lat' dir='ltr'>angulatim,</span> <span class='ocrx_word' id='word_1_76' title='bbox 1109 1096 1135 1134; x_wconf 77' lang='lat' dir='ltr'>rc</span> 
     </span>
     <span class='ocr_line' id='line_1_12' title="bbox 24 1169 1135 1245; baseline 0.003 -18"><span class='ocrx_word' id='word_1_77' title='bbox 24 1181 65 1222; x_wconf 82' lang='lat'>17⁶</span> <span class='ocrx_word' id='word_1_78' title='bbox 80 1170 178 1228; x_wconf 86' lang='lat' dir='ltr'>forum</span> <span class='ocrx_word' id='word_1_79' title='bbox 223 1169 344 1244; x_wconf 89' lang='lat' dir='ltr'>eiusque</span> <span class='ocrx_word' id='word_1_80' title='bbox 388 1170 522 1229; x_wconf 86' lang='lat' dir='ltr'>tribunal</span> <span class='ocrx_word' id='word_1_81' title='bbox 568 1170 723 1229; x_wconf 77' lang='lat' dir='ltr'>adstituor.</span> <span class='ocrx_word' id='word_1_82' title='bbox 800 1173 920 1245; x_wconf 88' lang='lat' dir='ltr'>iamque</span> <span class='ocrx_word' id='word_1_83' title='bbox 967 1170 1135 1230; x_wconf 86' lang='lat' dir='ltr'>sublimem</span> 
     </span>
     <span class='ocr_line' id='line_1_13' title="bbox 80 1258 1094 1337; baseline 0 -19"><span class='ocrx_word' id='word_1_84' title='bbox 80 1261 225 1337; x_wconf 87' lang='lat' dir='ltr'>suggestu</span> <span class='ocrx_word' id='word_1_85' title='bbox 248 1258 475 1336; x_wconf 89' lang='lat' dir='ltr'>magistratibus</span> <span class='ocrx_word' id='word_1_86' title='bbox 498 1259 704 1333; x_wconf 85' lang='lat' dir='ltr'>residentibus,</span> <span class='ocrx_word' id='word_1_87' title='bbox 727 1261 789 1318; x_wconf 88' lang='lat' dir='ltr'>iam</span> <span class='ocrx_word' id='word_1_88' title='bbox 812 1277 956 1334; x_wconf 85' lang='lat' dir='ltr'>praecone</span> <span class='ocrx_word' id='word_1_89' title='bbox 975 1259 1094 1334; x_wconf 91' lang='lat' dir='ltr'>publico</span> 
     </span>
     <span class='ocr_line' id='line_1_14' title="bbox 80 1347 1096 1425; baseline -0.002 -17"><span class='ocrx_word' id='word_1_90' title='bbox 80 1348 233 1408; x_wconf 89' lang='lat' dir='ltr'>silentium</span> <span class='ocrx_word' id='word_1_91' title='bbox 256 1347 403 1406; x_wconf 88' lang='lat' dir='ltr'>clamante</span> <span class='ocrx_word' id='word_1_92' title='bbox 426 1352 547 1423; x_wconf 89' lang='lat' dir='ltr'>repente</span> <span class='ocrx_word' id='word_1_93' title='bbox 575 1350 674 1407; x_wconf 88' lang='lat' dir='ltr'>cuncti</span> <span class='ocrx_word' id='word_1_94' title='bbox 697 1367 825 1407; x_wconf 87' lang='lat' dir='ltr'>consona</span> <span class='ocrx_word' id='word_1_95' title='bbox 853 1366 925 1406; x_wconf 90' lang='lat' dir='ltr'>uooe</span> <span class='ocrx_word' id='word_1_96' title='bbox 948 1348 1096 1425; x_wconf 87' lang='lat' dir='ltr'>flagitent,</span> 
     </span>
     <span class='ocr_line' id='line_1_15' title="bbox 80 1436 1096 1513; baseline -0.001 -18"><span class='ocrx_word' id='word_1_97' title='bbox 80 1438 204 1513; x_wconf 83' lang='lat' dir='ltr'>propter</span> <span class='ocrx_word' id='word_1_98' title='bbox 226 1440 326 1495; x_wconf 87' lang='lat' dir='ltr'>coetus</span> <span class='ocrx_word' id='word_1_99' title='bbox 349 1436 582 1511; x_wconf 85' lang='lat' dir='ltr'>multitudinem,</span> <span class='ocrx_word' id='word_1_100' title='bbox 607 1457 682 1512; x_wconf 90' lang='lat' dir='ltr'>quae</span> <span class='ocrx_word' id='word_1_101' title='bbox 704 1455 859 1513; x_wconf 85' lang='lat' dir='ltr'>pressurae</span> <span class='ocrx_word' id='word_1_102' title='bbox 882 1437 975 1495; x_wconf 86' lang='lat' dir='ltr'>nimia</span> <span class='ocrx_word' id='word_1_103' title='bbox 999 1438 1096 1496; x_wconf 90' lang='lat' dir='ltr'>densi-</span> 
     </span>
     <span class='ocr_line' id='line_1_16' title="bbox 80 1526 1095 1600; baseline -0.001 -15"><span class='ocrx_word' id='word_1_104' title='bbox 80 1529 143 1585; x_wconf 88' lang='lat' dir='ltr'>tate</span> <span class='ocrx_word' id='word_1_105' title='bbox 176 1526 408 1600; x_wconf 87' lang='lat' dir='ltr'>periclitaretur,</span> <span class='ocrx_word' id='word_1_106' title='bbox 440 1526 583 1585; x_wconf 90' lang='lat' dir='ltr'>iudicium</span> <span class='ocrx_word' id='word_1_107' title='bbox 615 1530 734 1584; x_wconf 87' lang='lat' dir='ltr'>tantum</span> <span class='ocrx_word' id='word_1_108' title='bbox 766 1526 884 1584; x_wconf 88' lang='lat' dir='ltr'>theatro</span> <span class='ocrx_word' id='word_1_109' title='bbox 916 1526 1095 1585; x_wconf 88' lang='lat' dir='ltr'>redderetur.</span> 
     </span>
     <span class='ocr_line' id='line_1_17' title="bbox 80 1615 1135 1691; baseline 0.003 -19"><span class='ocrx_word' id='word_1_110' title='bbox 80 1633 134 1673; x_wconf 90' lang='lat' dir='ltr'>neo</span> <span class='ocrx_word' id='word_1_111' title='bbox 161 1633 258 1688; x_wconf 92' lang='lat' dir='ltr'>mora,</span> <span class='ocrx_word' id='word_1_112' title='bbox 287 1633 355 1673; x_wconf 81' lang='lat' dir='ltr'>cum</span> <span class='ocrx_word' id='word_1_113' title='bbox 385 1616 497 1689; x_wconf 85' lang='lat' dir='ltr'>passim</span> <span class='ocrx_word' id='word_1_114' title='bbox 526 1615 653 1691; x_wconf 91' lang='lat' dir='ltr'>populus</span> <span class='ocrx_word' id='word_1_115' title='bbox 683 1633 858 1690; x_wconf 86' lang='lat' dir='ltr'>procurrens</span> <span class='ocrx_word' id='word_1_116' title='bbox 889 1633 997 1674; x_wconf 89' lang='lat' dir='ltr'>caueae</span> <span class='ocrx_word' id='word_1_117' title='bbox 1028 1634 1095 1674; x_wconf 90' lang='lat' dir='ltr'>con·</span> <span class='ocrx_word' id='word_1_118' title='bbox 1110 1635 1135 1675; x_wconf 77' lang='lat'>15</span> 
     </span>
     <span class='ocr_line' id='line_1_18' title="bbox 81 1703 1096 1780; baseline -0.002 -17"><span class='ocrx_word' id='word_1_119' title='bbox 81 1707 196 1779; x_wconf 90' lang='lat' dir='ltr'>septum</span> <span class='ocrx_word' id='word_1_120' title='bbox 220 1703 297 1762; x_wconf 88' lang='lat' dir='ltr'>mira</span> <span class='ocrx_word' id='word_1_121' title='bbox 319 1705 471 1763; x_wconf 86' lang='lat' dir='ltr'>eeleritate</span> <span class='ocrx_word' id='word_1_122' title='bbox 495 1705 658 1780; x_wconf 71' lang='lat' dir='ltr'>conpleuit,</span> <span class='ocrx_word' id='word_1_123' title='bbox 688 1705 786 1762; x_wconf 89' lang='lat' dir='ltr'>aditus</span> <span class='ocrx_word' id='word_1_124' title='bbox 816 1706 907 1762; x_wconf 89' lang='lat' dir='ltr'>etiam</span> <span class='ocrx_word' id='word_1_125' title='bbox 931 1705 962 1761; x_wconf 91' lang='lat' dir='ltr'>et</span> <span class='ocrx_word' id='word_1_126' title='bbox 983 1707 1096 1761; x_wconf 87' lang='lat' dir='ltr'>tectum</span> 
     </span>
     <span class='ocr_line' id='line_1_19' title="bbox 81 1791 1096 1868; baseline -0.002 -17"><span class='ocrx_word' id='word_1_127' title='bbox 81 1811 167 1851; x_wconf 92' lang='lat' dir='ltr'>omne</span> <span class='ocrx_word' id='word_1_128' title='bbox 190 1792 293 1851; x_wconf 88' lang='lat' dir='ltr'>fartim</span> <span class='ocrx_word' id='word_1_129' title='bbox 321 1793 520 1867; x_wconf 86' lang='lat' dir='ltr'>stipauerant,</span> <span class='ocrx_word' id='word_1_130' title='bbox 547 1793 682 1868; x_wconf 89' lang='lat' dir='ltr'>plerique</span> <span class='ocrx_word' id='word_1_131' title='bbox 711 1792 854 1851; x_wconf 90' lang='lat' dir='ltr'>columnis</span> <span class='ocrx_word' id='word_1_132' title='bbox 882 1791 1018 1867; x_wconf 82' lang='lat' dir='ltr'>implexi,</span> <span class='ocrx_word' id='word_1_133' title='bbox 1042 1792 1096 1850; x_wconf 87' lang='lat' dir='ltr'>alii</span> 
     </span>
     <span class='ocr_line' id='line_1_20' title="bbox 80 1881 1096 1957; baseline -0.003 -17"><span class='ocrx_word' id='word_1_134' title='bbox 80 1882 188 1940; x_wconf 84' lang='lat' dir='ltr'>statuis</span> <span class='ocrx_word' id='word_1_135' title='bbox 229 1881 401 1956; x_wconf 90' lang='lat' dir='ltr'>dependuli,</span> <span class='ocrx_word' id='word_1_136' title='bbox 443 1882 578 1940; x_wconf 91' lang='lat' dir='ltr'>nonnulli</span> <span class='ocrx_word' id='word_1_137' title='bbox 610 1902 664 1957; x_wconf 89' lang='lat' dir='ltr'>per</span> <span class='ocrx_word' id='word_1_138' title='bbox 699 1883 843 1941; x_wconf 85' lang='lat' dir='ltr'>fenestras</span> <span class='ocrx_word' id='word_1_139' title='bbox 882 1883 913 1938; x_wconf 91' lang='lat' dir='ltr'>et</span> <span class='ocrx_word' id='word_1_140' title='bbox 942 1881 1096 1940; x_wconf 86' lang='lat' dir='ltr'>lacunaria</span> 
     </span>
     <span class='ocr_line' id='line_1_21' title="bbox 23 1969 1096 2046; baseline -0.002 -17"><span class='ocrx_word' id='word_1_141' title='bbox 23 1981 64 2022; x_wconf 86' lang='grc'>177</span> <span class='ocrx_word' id='word_1_142' title='bbox 80 1971 319 2046; x_wconf 86' lang='lat' dir='ltr'>semicouspieui,</span> <span class='ocrx_word' id='word_1_143' title='bbox 346 1972 422 2029; x_wconf 91' lang='lat' dir='ltr'>miro</span> <span class='ocrx_word' id='word_1_144' title='bbox 445 1974 546 2029; x_wconf 87' lang='lat' dir='ltr'>tamen</span> <span class='ocrx_word' id='word_1_145' title='bbox 574 1989 675 2030; x_wconf 90' lang='lat' dir='ltr'>omnes</span> <span class='ocrx_word' id='word_1_146' title='bbox 703 1970 800 2029; x_wconf 80' lang='lat' dir='ltr'>studio</span> <span class='ocrx_word' id='word_1_147' title='bbox 824 1970 942 2028; x_wconf 90' lang='lat' dir='ltr'>uisendi</span> <span class='ocrx_word' id='word_1_148' title='bbox 964 1969 1096 2044; x_wconf 90' lang='lat' dir='ltr'>pericula</span> 
     </span>
     <span class='ocr_line' id='line_1_22' title="bbox 81 2054 1136 2138; baseline 0.001 -21"><span class='ocrx_word' id='word_1_149' title='bbox 81 2054 253 2138; x_wconf 85' lang='lat' dir='ltr'>salut[ar]is</span> <span class='ocrx_word' id='word_1_150' title='bbox 276 2059 477 2137; x_wconf 87' lang='lat' dir='ltr'>neclegebant.</span> <span class='ocrx_word' id='word_1_151' title='bbox 510 2063 581 2118; x_wconf 89' lang='lat' dir='ltr'>tunc</span> <span class='ocrx_word' id='word_1_152' title='bbox 601 2079 648 2118; x_wconf 92' lang='lat' dir='ltr'>me</span> <span class='ocrx_word' id='word_1_153' title='bbox 671 2079 723 2134; x_wconf 91' lang='lat' dir='ltr'>per</span> <span class='ocrx_word' id='word_1_154' title='bbox 742 2059 947 2136; x_wconf 87' lang='lat' dir='ltr'>proscaenium</span> <span class='ocrx_word' id='word_1_155' title='bbox 965 2058 1097 2117; x_wconf 91' lang='lat' dir='ltr'>medium</span> <span class='ocrx_word' id='word_1_156' title='bbox 1110 2079 1136 2118; x_wconf 82' lang='lat' dir='ltr'>ro</span> 
     </span>
     <span class='ocr_line' id='line_1_23' title="bbox 80 2143 1097 2224; baseline 0 -18"><span class='ocrx_word' id='word_1_157' title='bbox 80 2149 165 2207; x_wconf 90' lang='lat' dir='ltr'>uelut</span> <span class='ocrx_word' id='word_1_158' title='bbox 187 2148 339 2224; x_wconf 88' lang='lat' dir='ltr'>quandam</span> <span class='ocrx_word' id='word_1_159' title='bbox 361 2143 516 2207; x_wconf 86' lang='lat' dir='ltr'>uictimam</span> <span class='ocrx_word' id='word_1_160' title='bbox 539 2149 660 2224; x_wconf 84' lang='lat' dir='ltr'>publica</span> <span class='ocrx_word' id='word_1_161' title='bbox 687 2150 853 2208; x_wconf 89' lang='lat' dir='ltr'>ministeria</span> <span class='ocrx_word' id='word_1_162' title='bbox 876 2147 1045 2223; x_wconf 91' lang='lat' dir='ltr'>producunt</span> <span class='ocrx_word' id='word_1_163' title='bbox 1067 2149 1097 2206; x_wconf 83' lang='lat' dir='ltr'>et</span> 
     </span>
     <span class='ocr_line' id='line_1_24' title="bbox 80 2237 1131 2313; baseline -0.004 -17"><span class='ocrx_word' id='word_1_164' title='bbox 80 2237 249 2296; x_wconf 88' lang='lat' dir='ltr'>orchestrae</span> <span class='ocrx_word' id='word_1_165' title='bbox 281 2237 395 2295; x_wconf 87' lang='lat' dir='ltr'>mediae</span> <span class='ocrx_word' id='word_1_166' title='bbox 426 2239 542 2297; x_wconf 90' lang='lat' dir='ltr'>sistunt.</span> <span class='ocrx_word' id='word_1_167' title='bbox 593 2240 636 2297; x_wconf 88' lang='lat' dir='ltr'>sic</span> <span class='ocrx_word' id='word_1_168' title='bbox 664 2257 781 2297; x_wconf 90' lang='lat' dir='ltr'>rursum</span> <span class='ocrx_word' id='word_1_169' title='bbox 811 2237 965 2313; x_wconf 86' lang='lat' dir='ltr'>praeconis</span> <span class='ocrx_word' id='word_1_170' title='bbox 996 2237 1131 2311; x_wconf 75' lang='lat' dir='ltr'>amp103</span> 
     </span>
     <span class='ocr_line' id='line_1_25' title="bbox 79 2317 1096 2407; baseline -0.001 -23"><span class='ocrx_word' id='word_1_171' title='bbox 79 2325 173 2385; x_wconf 85' lang='lat' dir='ltr'>boatu</span> <span class='ocrx_word' id='word_1_172' title='bbox 202 2329 312 2385; x_wconf 87' lang='lat' dir='ltr'>citatus</span> <span class='ocrx_word' id='word_1_173' title='bbox 338 2317 341 2407; x_wconf 68' lang='lat' dir='ltr'>l</span> <span class='ocrx_word' id='word_1_174' title='bbox 369 2330 524 2385; x_wconf 87' lang='lat' dir='ltr'>aecusator</span> <span class='ocrx_word' id='word_1_175' title='bbox 552 2326 673 2403; x_wconf 87' lang='lat' dir='ltr'>quidam</span> <span class='ocrx_word' id='word_1_176' title='bbox 705 2327 802 2385; x_wconf 88' lang='lat' dir='ltr'>senior</span> <span class='ocrx_word' id='word_1_177' title='bbox 836 2328 971 2402; x_wconf 84' lang='lat' dir='ltr'>exsurgit</span> <span class='ocrx_word' id='word_1_178' title='bbox 1000 2329 1030 2384; x_wconf 90' lang='lat' dir='ltr'>et</span> <span class='ocrx_word' id='word_1_179' title='bbox 1058 2325 1096 2383; x_wconf 87' lang='lat' dir='ltr'>ad</span> 
     </span>
     <span class='ocr_line' id='line_1_26' title="bbox 81 2414 1097 2493; baseline -0.002 -19"><span class='ocrx_word' id='word_1_180' title='bbox 81 2414 199 2474; x_wconf 88' lang='lat' dir='ltr'>dicendi</span> <span class='ocrx_word' id='word_1_181' title='bbox 222 2417 353 2491; x_wconf 91' lang='lat' dir='ltr'>spatium</span> <span class='ocrx_word' id='word_1_182' title='bbox 376 2416 498 2475; x_wconf 88' lang='lat' dir='ltr'>uasculo</span> <span class='ocrx_word' id='word_1_183' title='bbox 527 2415 654 2490; x_wconf 89' lang='lat' dir='ltr'>quodam</span> <span class='ocrx_word' id='word_1_184' title='bbox 677 2417 709 2473; x_wconf 93' lang='lat' dir='ltr'>in</span> <span class='ocrx_word' id='word_1_185' title='bbox 733 2415 830 2473; x_wconf 91' lang='lat' dir='ltr'>uicem</span> <span class='ocrx_word' id='word_1_186' title='bbox 859 2415 915 2474; x_wconf 92' lang='lat' dir='ltr'>ooli</span> <span class='ocrx_word' id='word_1_187' title='bbox 944 2414 1097 2493; x_wconf 87' lang='lat' dir='ltr'>graciliter</span> 
     </span>
    </p>
   </div>
   <div class='ocr_carea' id='block_1_4' title="bbox 31 2619 1100 3412">
    <p class='ocr_par' dir='ltr' id='par_1_4' title="bbox 70 2619 1100 2831">
     <span class='ocr_line' id='line_1_27' title="bbox 152 2619 1043 2689; baseline -0.001 -15"><span class='ocrx_word' id='word_1_188' title='bbox 152 2621 174 2674; x_wconf 80' lang='lat' dir='ltr'><strong>F</strong></span> <span class='ocrx_word' id='word_1_189' title='bbox 190 2620 333 2675; x_wconf 47' lang='lat'>1341’1355</span> <span class='ocrx_word' id='word_1_190' title='bbox 357 2621 467 2688; x_wconf 57' lang='lat' dir='ltr'>grew.</span> <span class='ocrx_word' id='word_1_191' title='bbox 559 2626 573 2673; x_wconf 94' lang='lat'>1</span> <span class='ocrx_word' id='word_1_192' title='bbox 593 2619 695 2689; x_wconf 77' lang='lat' dir='ltr'>popim</span> <span class='ocrx_word' id='word_1_193' title='bbox 714 2624 757 2689; x_wconf 69' lang='grc' dir='ltr'>(φ)</span> <span class='ocrx_word' id='word_1_194' title='bbox 775 2619 921 2688; x_wconf 88' lang='lat' dir='ltr'>publicum</span> <span class='ocrx_word' id='word_1_195' title='bbox 942 2620 1043 2674; x_wconf 78' lang='lat' dir='ltr'>Gruter</span> 
     </span>
     <span class='ocr_line' id='line_1_28' title="bbox 80 2689 1096 2761; baseline -0.002 -15"><span class='ocrx_word' id='word_1_196' title='bbox 80 2697 98 2745; x_wconf 77' lang='grc' dir='ltr'>’ὁ</span> <span class='ocrx_word' id='word_1_197' title='bbox 126 2692 324 2746; x_wconf 82' lang='lat' dir='ltr'>eircfiledentil</span> <span class='ocrx_word' id='word_1_198' title='bbox 343 2695 385 2761; x_wconf 83' lang='grc' dir='ltr'>(φ)</span> <span class='ocrx_word' id='word_1_199' title='bbox 409 2692 666 2759; x_wconf 85' lang='lat' dir='ltr'>circumstrepentis</span> <span class='ocrx_word' id='word_1_200' title='bbox 688 2693 761 2745; x_wconf 79' lang='lat' dir='ltr'>Hild</span> <span class='ocrx_word' id='word_1_201' title='bbox 788 2689 1006 2745; x_wconf 89' lang='lat' dir='ltr'>circumfluentis</span> <span class='ocrx_word' id='word_1_202' title='bbox 1032 2690 1096 2744; x_wconf 77' lang='lat' dir='ltr'>Prie</span> 
     </span>
     <span class='ocr_line' id='line_1_29' title="bbox 70 2761 1100 2831; baseline -0.002 -14"><span class='ocrx_word' id='word_1_203' title='bbox 70 2764 330 2818; x_wconf 82' lang='lat' dir='ltr'>-circumi&#39;undentis</span> <span class='ocrx_word' id='word_1_204' title='bbox 350 2779 379 2816; x_wconf 87' lang='lat' dir='ltr'>ee</span> <span class='ocrx_word' id='word_1_205' title='bbox 396 2763 489 2817; x_wconf 82' lang='lat' dir='ltr'>Wesse</span> <span class='ocrx_word' id='word_1_206' title='bbox 507 2763 758 2817; x_wconf 86' lang='lat' dir='ltr'>circumfundentia</span> <span class='ocrx_word' id='word_1_207' title='bbox 778 2763 823 2816; x_wconf 92' lang='lat' dir='ltr'>He</span> <span class='ocrx_word' id='word_1_208' title='bbox 914 2768 927 2814; x_wconf 76' lang='lat'>7</span> <span class='ocrx_word' id='word_1_209' title='bbox 949 2761 1100 2831; x_wconf 80' lang='lat' dir='ltr'>pererratis</span> 
     </span>
    </p>

    <p class='ocr_par' dir='ltr' id='par_1_5' title="bbox 31 2833 1097 3261">
     <span class='ocr_line' id='line_1_30' title="bbox 31 2833 1026 2905; baseline -0.003 -17"><span class='ocrx_word' id='word_1_210' title='bbox 31 2893 33 2897; x_wconf 60' lang='grc'>,</span> <span class='ocrx_word' id='word_1_211' title='bbox 81 2837 123 2905; x_wconf 81' lang='grc' dir='ltr'>(φ)</span> <span class='ocrx_word' id='word_1_212' title='bbox 146 2853 175 2888; x_wconf 87' lang='lat' dir='ltr'>rr</span> <span class='ocrx_word' id='word_1_213' title='bbox 199 2837 231 2888; x_wconf 74' lang='lat' dir='ltr'>ire</span> <span class='ocrx_word' id='word_1_214' title='bbox 254 2852 309 2889; x_wconf 85' lang='lat' dir='ltr'>ree.</span> <span class='ocrx_word' id='word_1_215' title='bbox 334 2835 393 2889; x_wconf 83' lang='lat' dir='ltr'>ead.</span> <span class='ocrx_word' id='word_1_216' title='bbox 416 2853 451 2888; x_wconf 83' lang='lat' dir='ltr'>m.</span> <span class='ocrx_word' id='word_1_217' title='bbox 475 2852 508 2888; x_wconf 81' lang='lat' dir='ltr'>err</span> <span class='ocrx_word' id='word_1_218' title='bbox 530 2833 554 2886; x_wconf 92' lang='lat' dir='ltr'>ri</span> <span class='ocrx_word' id='word_1_219' title='bbox 577 2851 624 2888; x_wconf 85' lang='lat' dir='ltr'>em.</span> <span class='ocrx_word' id='word_1_220' title='bbox 742 2833 836 2902; x_wconf 80' lang='lat' dir='ltr'>8qb3</span> <span class='ocrx_word' id='word_1_221' title='bbox 866 2835 908 2903; x_wconf 88' lang='grc' dir='ltr'>(φ)</span> <span class='ocrx_word' id='word_1_222' title='bbox 937 2833 1026 2900; x_wconf 86' lang='lat' dir='ltr'>quic</span> 
     </span>
     <span class='ocr_line' id='line_1_31' title="bbox 80 2902 1096 2978; baseline -0.005 -18"><span class='ocrx_word' id='word_1_223' title='bbox 80 2906 231 2978; x_wconf 87' lang='lat' dir='ltr'>8[hostiia]</span> <span class='ocrx_word' id='word_1_224' title='bbox 243 2907 299 2960; x_wconf 87' lang='lat' dir='ltr'>Leo</span> <span class='ocrx_word' id='word_1_225' title='bbox 398 2912 413 2958; x_wconf 82' lang='lat'>9</span> <span class='ocrx_word' id='word_1_226' title='bbox 424 2913 488 2974; x_wconf 84' lang='lat' dir='ltr'>post</span> <span class='ocrx_word' id='word_1_227' title='bbox 502 2905 596 2975; x_wconf 85' lang='lat' dir='ltr'>angui.</span> <span class='ocrx_word' id='word_1_228' title='bbox 611 2906 725 2959; x_wconf 75' lang='lat' dir='ltr'>distica.</span> <span class='ocrx_word' id='word_1_229' title='bbox 741 2906 786 2958; x_wconf 88' lang='lat' dir='ltr'>He</span> <span class='ocrx_word' id='word_1_230' title='bbox 878 2909 911 2957; x_wconf 88' lang='grc'>10</span> <span class='ocrx_word' id='word_1_231' title='bbox 926 2902 1039 2970; x_wconf 83' lang='lat' dir='ltr'>eiusque</span> <span class='ocrx_word' id='word_1_232' title='bbox 1054 2906 1096 2972; x_wconf 83' lang='grc' dir='ltr'>(φ)</span> 
     </span>
     <span class='ocr_line' id='line_1_32' title="bbox 79 2975 1096 3046; baseline -0.003 -15"><span class='ocrx_word' id='word_1_233' title='bbox 79 2981 170 3046; x_wconf 86' lang='lat' dir='ltr'>usque</span> <span class='ocrx_word' id='word_1_234' title='bbox 184 2977 299 3032; x_wconf 81' lang='lat' dir='ltr'>Steweeb</span> <span class='ocrx_word' id='word_1_235' title='bbox 313 2980 341 3030; x_wconf 90' lang='lat' dir='ltr'>et</span> <span class='ocrx_word' id='word_1_236' title='bbox 354 2992 444 3044; x_wconf 83' lang='lat' dir='ltr'>usque</span> <span class='ocrx_word' id='word_1_237' title='bbox 458 2978 557 3044; x_wconf 81' lang='lat' dir='ltr'>Seiopp</span> <span class='ocrx_word' id='word_1_238' title='bbox 576 2992 695 3043; x_wconf 89' lang='lat' dir='ltr'>reusque</span> <span class='ocrx_word' id='word_1_239' title='bbox 714 2977 774 3042; x_wconf 83' lang='lat' dir='ltr'>(lae.</span> <span class='ocrx_word' id='word_1_240' title='bbox 793 2982 854 3043; x_wconf 84' lang='lat' dir='ltr'>poet</span> <span class='ocrx_word' id='word_1_241' title='bbox 871 2975 963 3028; x_wconf 87' lang='lat' dir='ltr'>forum</span> <span class='ocrx_word' id='word_1_242' title='bbox 982 2977 1096 3044; x_wconf 72' lang='lat' dir='ltr'>statmo)</span> 
     </span>
     <span class='ocr_line' id='line_1_33' title="bbox 79 3046 1097 3116; baseline -0.003 -12"><span class='ocrx_word' id='word_1_243' title='bbox 79 3049 157 3104; x_wconf 74' lang='lat' dir='ltr'>reve</span> <span class='ocrx_word' id='word_1_244' title='bbox 183 3048 304 3116; x_wconf 90' lang='lat' dir='ltr'>denique</span> <span class='ocrx_word' id='word_1_245' title='bbox 322 3050 472 3103; x_wconf 78' lang='lat' dir='ltr'>Bluemreer</span> <span class='ocrx_word' id='word_1_246' title='bbox 498 3046 679 3114; x_wconf 90' lang='lat' dir='ltr'>mediumque</span> <span class='ocrx_word' id='word_1_247' title='bbox 698 3048 728 3100; x_wconf 85' lang='lat' dir='ltr'><em>E</em></span> <span class='ocrx_word' id='word_1_248' title='bbox 752 3047 831 3099; x_wconf 87' lang='lat' dir='ltr'>iuxta</span> <span class='ocrx_word' id='word_1_249' title='bbox 849 3047 906 3101; x_wconf 87' lang='lat' dir='ltr'>Leo</span> <span class='ocrx_word' id='word_1_250' title='bbox 925 3048 959 3114; x_wconf 80' lang='lat' dir='ltr'>cf.</span> <span class='ocrx_word' id='word_1_251' title='bbox 974 3047 1046 3115; x_wconf 82' lang='lat' dir='ltr'>epol.</span> <span class='ocrx_word' id='word_1_252' title='bbox 1062 3051 1097 3101; x_wconf 83' lang='lat'>99</span> 
     </span>
     <span class='ocr_line' id='line_1_34' title="bbox 80 3117 1095 3190; baseline -0.004 -16"><span class='ocrx_word' id='word_1_253' title='bbox 80 3121 246 3190; x_wconf 87' lang='lat' dir='ltr'>(109,10H.)</span> <span class='ocrx_word' id='word_1_254' title='bbox 355 3140 389 3188; x_wconf 74' lang='lat' dir='ltr'>tp:</span> <span class='ocrx_word' id='word_1_255' title='bbox 413 3118 524 3171; x_wconf 84' lang='lat' dir='ltr'>sublimi</span> <span class='ocrx_word' id='word_1_256' title='bbox 638 3124 669 3172; x_wconf 91' lang='lat'>11</span> <span class='ocrx_word' id='word_1_257' title='bbox 694 3117 844 3188; x_wconf 71' lang='lat' dir='ltr'>suggestu*</span> <span class='ocrx_word' id='word_1_258' title='bbox 865 3119 999 3187; x_wconf 79' lang='lat' dir='ltr'>(prior-g</span> <span class='ocrx_word' id='word_1_259' title='bbox 1021 3117 1095 3170; x_wconf 74' lang='lat' dir='ltr'>eceb</span> 
     </span>
     <span class='ocr_line' id='line_1_35' title="bbox 80 3187 1096 3261; baseline -0.005 -15"><span class='ocrx_word' id='word_1_260' title='bbox 80 3208 164 3258; x_wconf 74' lang='lat' dir='ltr'>corr,</span> <span class='ocrx_word' id='word_1_261' title='bbox 188 3194 290 3261; x_wconf 52' lang='lat' dir='ltr'>erues)</span> <span class='ocrx_word' id='word_1_262' title='bbox 400 3197 432 3242; x_wconf 83' lang='lat'>15</span> <span class='ocrx_word' id='word_1_263' title='bbox 457 3191 531 3260; x_wconf 88' lang='lat' dir='ltr'>eum]</span> <span class='ocrx_word' id='word_1_264' title='bbox 555 3193 587 3244; x_wconf 81' lang='lat' dir='ltr'>cd</span> <span class='ocrx_word' id='word_1_265' title='bbox 611 3191 653 3258; x_wconf 85' lang='grc' dir='ltr'>(φ)</span> <span class='ocrx_word' id='word_1_266' title='bbox 677 3207 724 3243; x_wconf 89' lang='lat' dir='ltr'>em.</span> <span class='ocrx_word' id='word_1_267' title='bbox 749 3206 764 3242; x_wconf 89' lang='grc'><strong><em>0</em></strong></span> <span class='ocrx_word' id='word_1_268' title='bbox 874 3194 907 3242; x_wconf 86' lang='grc'>16</span> <span class='ocrx_word' id='word_1_269' title='bbox 932 3187 1096 3242; x_wconf 89' lang='lat' dir='ltr'>celebritate</span> 
     </span>
    </p>

    <p class='ocr_par' dir='ltr' id='par_1_6' title="bbox 81 3258 1097 3412">
     <span class='ocr_line' id='line_1_36' title="bbox 81 3258 1038 3344; baseline -0.006 -26"><span class='ocrx_word' id='word_1_270' title='bbox 81 3264 259 3344; x_wconf 68' lang='lat' dir='ltr'>Kronenberg</span> <span class='ocrx_word' id='word_1_271' title='bbox 367 3267 400 3314; x_wconf 89' lang='lat'>18</span> <span class='ocrx_word' id='word_1_272' title='bbox 419 3260 563 3314; x_wconf 86' lang='lat' dir='ltr'>lacubaria</span> <span class='ocrx_word' id='word_1_273' title='bbox 581 3278 629 3314; x_wconf 85' lang='lat' dir='ltr'>em.</span> <span class='ocrx_word' id='word_1_274' title='bbox 648 3261 707 3314; x_wconf 86' lang='lat' dir='ltr'>ead.</span> <span class='ocrx_word' id='word_1_275' title='bbox 726 3278 761 3314; x_wconf 85' lang='lat' dir='ltr'>m.</span> <span class='ocrx_word' id='word_1_276' title='bbox 780 3268 844 3328; x_wconf 72' lang='lat' dir='ltr'>etp</span> <span class='ocrx_word' id='word_1_277' title='bbox 954 3265 986 3312; x_wconf 82' lang='grc'>19</span> <span class='ocrx_word' id='word_1_278' title='bbox 1006 3258 1038 3312; x_wconf 82' lang='lat' dir='ltr'>os</span> 
     </span>
     <span class='ocr_line' id='line_1_37' title="bbox 81 3329 1097 3412; baseline -0.004 -25"><span class='ocrx_word' id='word_1_279' title='bbox 81 3339 115 3387; x_wconf 77' lang='lat'>20</span> <span class='ocrx_word' id='word_1_280' title='bbox 134 3333 265 3387; x_wconf 84' lang='lat' dir='ltr'>salutans</span> <span class='ocrx_word' id='word_1_281' title='bbox 280 3336 322 3403; x_wconf 84' lang='grc' dir='ltr'>(φ)</span> <span class='ocrx_word' id='word_1_282' title='bbox 341 3351 389 3387; x_wconf 83' lang='lat' dir='ltr'>em.</span> <span class='ocrx_word' id='word_1_283' title='bbox 408 3350 424 3385; x_wconf 86' lang='grc'><strong><em>0</em></strong></span> <span class='ocrx_word' id='word_1_284' title='bbox 495 3331 614 3412; x_wconf 66' lang='lat' dir='ltr'>psoeniri</span> <span class='ocrx_word' id='word_1_285' title='bbox 632 3332 696 3401; x_wconf 80' lang='lat' dir='ltr'>(eid.</span> <span class='ocrx_word' id='word_1_286' title='bbox 715 3333 800 3397; x_wconf 80' lang='lat' dir='ltr'>faisse</span> <span class='ocrx_word' id='word_1_287' title='bbox 819 3335 845 3403; x_wconf 73' lang='lat' dir='ltr'>e)</span> <span class='ocrx_word' id='word_1_288' title='bbox 918 3336 950 3383; x_wconf 80' lang='lat'>21</span> <span class='ocrx_word' id='word_1_289' title='bbox 970 3329 1097 3402; x_wconf 78' lang='lat' dir='ltr'>pdueunt</span> 
     </span>
    </p>
   </div>
   <div class='ocr_carea' id='block_1_5' title="bbox 80 3435 1137 3586">
    <p class='ocr_par' dir='ltr' id='par_1_7' title="bbox 80 3435 1137 3586">
     <span class='ocr_line' id='line_1_38' title="bbox 80 3435 1065 3561; baseline -0.015 -65"><span class='ocrx_word' id='word_1_290' title='bbox 80 3441 137 3509; x_wconf 81' lang='lat' dir='ltr'>(sed</span> <span class='ocrx_word' id='word_1_291' title='bbox 154 3457 209 3523; x_wconf 69' lang='lat' dir='ltr'>rae.</span> <span class='ocrx_word' id='word_1_292' title='bbox 224 3457 310 3510; x_wconf 73' lang='lat' dir='ltr'>surpra</span> <span class='ocrx_word' id='word_1_293' title='bbox 321 3446 349 3522; x_wconf 80' lang='lat' dir='ltr'>et</span> <span class='ocrx_word' id='word_1_294' title='bbox 366 3440 445 3520; x_wconf 68' lang='lat' dir='ltr'>iufra</span> <span class='ocrx_word' id='word_1_295' title='bbox 459 3457 486 3507; x_wconf 89' lang='lat' dir='ltr'>p,</span> <span class='ocrx_word' id='word_1_296' title='bbox 506 3445 537 3492; x_wconf 82' lang='lat' dir='ltr'>et</span> <span class='ocrx_word' id='word_1_297' title='bbox 550 3440 676 3493; x_wconf 77' lang='lat' dir='ltr'>uideatur</span> <span class='ocrx_word' id='word_1_298' title='bbox 690 3439 775 3505; x_wconf 72' lang='lat' dir='ltr'>fuisse</span> <span class='ocrx_word' id='word_1_299' title='bbox 796 3440 829 3561; x_wconf 44' lang='lat' dir='ltr'>gl</span> <span class='ocrx_word' id='word_1_300' title='bbox 866 3459 905 3505; x_wconf 63' lang='grc' dir='ltr'>ψ.</span> <span class='ocrx_word' id='word_1_301' title='bbox 919 3435 1065 3508; x_wconf 48' lang='lat' dir='ltr'>peuense</span> 
     </span>
     <span class='ocr_line' id='line_1_39' title="bbox 80 3494 1137 3586; baseline -0.026 -19"><span class='ocrx_word' id='word_1_302' title='bbox 80 3517 115 3567; x_wconf 74' lang='lat'>24</span> <span class='ocrx_word' id='word_1_303' title='bbox 134 3513 258 3580; x_wconf 77' lang='lat' dir='ltr'>spatium</span> <span class='ocrx_word' id='word_1_304' title='bbox 277 3509 523 3586; x_wconf 76' lang='lat' dir='ltr'>(dimetiendum)</span> <span class='ocrx_word' id='word_1_305' title='bbox 542 3512 624 3567; x_wconf 83' lang='lat' dir='ltr'>chl</span> <span class='ocrx_word' id='word_1_306' title='bbox 720 3509 843 3565; x_wconf 81' lang='lat' dir='ltr'>ualcuo</span> <span class='ocrx_word' id='word_1_307' title='bbox 862 3510 911 3576; x_wconf 47' lang='lat' dir='ltr'>tei</span> <span class='ocrx_word' id='word_1_308' title='bbox 925 3522 953 3555; x_wconf 82' lang='lat' dir='ltr'>u</span> <span class='ocrx_word' id='word_1_309' title='bbox 967 3494 1137 3554; x_wconf 60' lang='grc'><strong><em>0000000</em></strong></span> 
     </span>
    </p>
   </div>
   <div class='ocr_carea' id='block_1_6' title="bbox 77 3559 1117 3669">
    <p class='ocr_par' dir='ltr' id='par_1_8' title="bbox 77 3559 1117 3669">
     <span class='ocr_line' id='line_1_40' title="bbox 77 3559 1117 3669; baseline -0.025 -32"><span class='ocrx_word' id='word_1_310' title='bbox 77 3589 106 3636; x_wconf 81' lang='lat' dir='ltr'>et</span> <span class='ocrx_word' id='word_1_311' title='bbox 119 3581 139 3633; x_wconf 74' lang='lat' dir='ltr'>l</span> <span class='ocrx_word' id='word_1_312' title='bbox 149 3583 244 3636; x_wconf 66' lang='lat' dir='ltr'>arder.</span> <span class='ocrx_word' id='word_1_313' title='bbox 264 3601 297 3638; x_wconf 85' lang='lat' dir='ltr'>m.</span> <span class='ocrx_word' id='word_1_314' title='bbox 318 3601 369 3669; x_wconf 74' lang='grc'><strong><em>700.</em></strong></span> <span class='ocrx_word' id='word_1_315' title='bbox 484 3587 629 3656; x_wconf 86' lang='lat' dir='ltr'>quoidam</span> <span class='ocrx_word' id='word_1_316' title='bbox 651 3587 711 3642; x_wconf 89' lang='lat' dir='ltr'>Leo</span> <span class='ocrx_word' id='word_1_317' title='bbox 733 3585 770 3652; x_wconf 72' lang='lat' dir='ltr'>of.</span> <span class='ocrx_word' id='word_1_318' title='bbox 789 3582 879 3646; x_wconf 60' lang='lat'><strong>1563&gt;</strong></span> <span class='ocrx_word' id='word_1_319' title='bbox 900 3572 1022 3630; x_wconf 62' lang='lat' dir='ltr'>Villis</span> <span class='ocrx_word' id='word_1_320' title='bbox 1037 3559 1117 3612; x_wconf 70' lang='lat' dir='ltr'>med·</span> 
     </span>
    </p>
   </div>
   <div class='ocr_carea' id='block_1_7' title="bbox 0 0 1236 3834">
    <p class='ocr_par' dir='ltr' id='par_1_9' title="bbox 0 0 1236 3834">
     <span class='ocr_line' id='line_1_41' title="bbox 0 0 1236 3834; baseline 0 0"><span class='ocrx_word' id='word_1_321' title='bbox 0 0 1236 3834; x_wconf 95' lang='lat' dir='ltr'> </span> 
     </span>
    </p>
   </div>
  </div>
 </body>
</html>
