2460 3834
117 161 160 226 90
232 162 366 216 APVLEI
384 161 738 218 METAMORPHOSEON
757 159 823 217 LIB.
837 162 897 231 IIII,
917 167 959 217 20.
979 169 1011 216 21

64 272 117 311 oua
778 307 781 314 ,
1145 274 1164 312 s

117 333 227 408 aspexi,
251 331 483 406 Thrasyleonem
501 335 638 391 nostrum
661 333 788 391 cateruis
808 350 914 390 canum
938 333 1138 391 saeuientium

119 422 250 479 cinctum
269 426 358 497 atque
378 420 530 480 obsessum
547 423 711 497 multisque
729 440 853 480 numero
872 420 1020 479 morsibus
1041 422 1136 480 lania-

116 513 188 568 tum.
227 509 353 585 denique
372 511 452 568 tanti
470 511 581 570 doloris
599 512 759 586 impatiens
778 511 884 586 populi
902 509 1136 570 circumfluentis
1150 523 1177 563 ⁶⁹

117 598 241 657 turbelis
264 600 433 658 immisoeor
456 602 486 658 et
508 601 539 657 in
564 619 622 674 quo
646 601 710 659 solo
733 603 870 675 poteram
898 600 1029 658 celatum
1052 601 1136 658 auxi-

62 701 103 740 asa
117 688 191 747 lium
227 688 305 747 bono
345 689 423 747 ferre
461 689 673 763 commilitoni,
714 689 757 747 sic
796 687 946 766 indaginis
984 689 1135 765 principes

117 777 308 836 dehortabar:
331 773 367 835 “o
391 771 531 854 grande’⁷,
558 780 691 853 inquam,
714 771 762 836 “et
786 781 950 836 extremum
977 776 1136 855 flagitium,

64 865 101 920 sl
116 885 257 943 magnam
280 870 310 925 et
328 885 398 925 uere
421 868 584 943 pretiosam
602 867 754 942 perdimus
772 859 926 925 bestiam.⁷⁷
958 885 1013 924 nec
1034 870 1136 925 tamen

116 954 212 1014 nostri
226 955 369 1014 sermonis
385 959 464 1015 artes
482 956 688 1015 infelicissimo
702 957 879 1032 profuerunt
892 957 1010 1029 iuueni,
1025 957 1137 1032 quippe

117 1043 240 1118 quidam
254 1063 432 1120 procurrens
451 1044 569 1104 edomo
587 1063 727 1121 procerus
747 1048 777 1102 et
795 1045 914 1104 ualidus
928 1046 1138 1104 incunctanter

77 1153 102 1193 ιο
117 1133 254 1191 lanceam
277 1134 382 1193 mediis
409 1133 514 1193 iniecit
541 1152 627 1193 ursae
655 1133 837 1209 praecordiis
864 1153 918 1192 nec
946 1152 1029 1193 secus
1057 1134 1137 1192 alius

117 1224 147 1280 et
175 1241 241 1280 ecce
271 1224 408 1298 plurimi,
440 1225 502 1281 iam
533 1225 640 1282 timore
673 1222 819 1297 discusso,
852 1223 990 1281 certatim
1019 1223 1136 1300 gladios

117 1312 208 1369 etiam
231 1311 267 1369 de
290 1312 425 1388 proximo
454 1315 626 1389 congerunt.
673 1313 824 1370 enimuero
844 1313 1030 1387 Thrasyleon
1053 1330 1136 1390 egre·

48 1392 51 1397 ’
116 1399 199 1477 gium
223 1400 313 1459 decus
337 1405 456 1459 nostrae
480 1401 620 1459 factionis
643 1401 764 1461 tandem
791 1400 1020 1460 immortalitate
1044 1401 1136 1479 digno

115 1489 169 1547 illo
199 1491 307 1564 spiritu
336 1494 505 1567 expugnato
532 1490 628 1568 magis
660 1509 752 1566 qnam
779 1490 925 1565 patientia
952 1509 1048 1567 neque
1076 1491 1136 1549 cla-

76 1597 101 1638 15
116 1597 197 1636 more
227 1597 261 1636 ac
288 1598 325 1637 ne
355 1579 475 1637 ululatu
506 1581 626 1654 quidem
653 1579 742 1638 fidem
769 1582 948 1639 sacramenti
968 1575 972 1657 l
993 1579 1136 1655 prodidit,

117 1667 166 1725 sed
204 1667 265 1726 iam
303 1667 449 1727 morsibus
490 1668 638 1728 laceratus
679 1669 816 1743 ferroque
853 1668 984 1727 laniatus
1027 1668 1135 1727 obnixo

115 1758 233 1834 mugitu
265 1761 295 1815 et
326 1758 421 1816 ferino
454 1758 575 1816 fremitu
606 1761 794 1834 praesentem
821 1753 964 1835 casu<m>
991 1776 1135 1835 generoso

115 1845 219 1921 uigore
239 1846 370 1905 tolerans
389 1846 516 1923 gloriam
536 1846 593 1906 sibi
610 1848 784 1920 reseruauit,
800 1847 895 1905 uitam
914 1847 977 1906 fato
995 1845 1134 1905 reddidit.

114 1937 201 1992 tanto
224 1937 324 1994 tamen
347 1938 460 1994 terrore
482 1937 627 2011 tantaque
646 1936 805 1994 formidine
829 1941 945 1996 coetum
962 1937 1050 1994 illum
1072 1938 1136 1993 tur-

75 2045 102 2084 ao
115 2022 252 2099 bauerat,
280 2027 432 2099 utusque
457 2025 633 2099 diluculum,
660 2026 752 2083 immo
781 2028 811 2083 et
838 2028 871 2083 in
900 2027 1027 2084 multum
1055 2025 1134 2082 diem

116 2131 202 2170 nemo
227 2113 384 2190 quisquam
407 2113 499 2171 fuerit
527 2132 630 2187 ausus,
658 2116 795 2189 quamuis
819 2116 979 2188 iacentem,
1007 2114 1136 2172 bestiam

62 2215 103 2255 aar
115 2202 166 2259 uel
189 2201 284 2279 digito
308 2203 488 2280 contingere,
512 2203 570 2261 nisi
593 2203 817 2280 tandempigre
837 2202 992 2262 actimido
1013 2202 1134 2279 quidam

117 2290 217 2350 lanius
241 2291 330 2366 paulo
353 2291 493 2350 fidentior
511 2294 595 2350 utero
615 2292 727 2351 bestiae
745 2295 859 2351 resecto
882 2289 993 2367 [ursae]
1018 2293 1134 2368 magni·

115 2379 203 2438 ficum
232 2381 412 2456 despoliauit
440 2381 594 2439 latronem.
641 2384 683 2439 sic
714 2382 806 2440 etiam
836 2381 1021 2456 Thrasyleon
1048 2380 1135 2441 nobis

116 2516 180 2567 cent
203 2521 253 2568 oct
276 2516 456 2568 commiscent
473 2533 490 2569 o
522 2517 557 2583 cf.
576 2516 711 2586 Weymac
730 2516 811 2569 Arch.
830 2516 850 2582 f.
871 2517 917 2569 lot.
934 2516 1002 2569 Lex.
1016 2516 1067 2568 IX
1080 2519 1135 2569 138

116 2587 189 2653 apol.
205 2587 313 2651 40,1H.
333 2588 474 2652 113,22H.

187 2657 298 2711 F14112.
318 2658 428 2725 p382b.
520 2662 534 2709 1
554 2656 722 2713 thralileond
813 2665 828 2711 2
848 2658 963 2723 morlib,
982 2662 1006 2725 (r
1025 2675 1058 2711 coc
1077 2657 1096 2725 s,
1115 2657 1134 2710 b

116 2735 148 2782 ut
166 2728 220 2781 oid.
240 2746 273 2782 ex
290 2747 309 2782 n
327 2746 395 2784 corr.
411 2731 470 2784 eod.
485 2748 528 2793 m,
544 2737 607 2798 post
625 2729 644 2782 b
659 2748 727 2785 eros.
742 2726 764 2798 ⁹)
850 2736 868 2783 4
885 2729 916 2782 in
935 2729 986 2782 dcl.
1001 2729 1081 2783 odVl

116 2833 230 2887 celatim
244 2836 316 2904 aas
389 2842 420 2890 11
435 2813 548 2906 great
563 2837 652 2905 (erasa
671 2837 681 2888 s
700 2855 747 2891 em.
765 2838 824 2891 eas.
839 2839 884 2904 m.)
922 2857 956 2905 a:
976 2835 1089 2904 grassor

117 2910 151 2958 12
166 2909 269 2973 Egerit
285 2911 288 2976 Ι
304 2909 342 2962 rit
355 2909 390 2970 (1t
403 2910 434 2961 in
447 2911 539 2976 priore
553 2925 631 2962 versa
645 2909 700 2962 oid.
709 2916 807 2978 postea
820 2910 917 2974 addit,
931 2908 969 2961 rit
984 2908 1097 2975 induet.)
1146 2967 1149 2969 ,

116 2995 151 3043 tp:
171 2981 306 3046 cogerunt
355 2979 488 3048 ingerunt
506 2979 585 3035 odVl
676 2985 709 3032 14
732 2982 848 3049 spiritns
869 2981 1060 3050 potiusquam
1081 2995 1133 3046 pa·

116 3049 214 3102 tieatio
228 3050 330 3104 desiuit
347 3051 542 3121 cfi168,243q.
625 3068 715 3118 neque
731 3094 736 3105 .
754 3094 759 3104 .
776 3094 781 3104 .
797 3068 830 3105 aa
849 3069 883 3104 ne
902 3051 937 3117 cf.
952 3054 1079 3118 96,20sq.

117 3124 150 3172 15
165 3119 276 3173 ululatu
291 3123 334 3191 (φ)
349 3123 437 3175 altero
451 3140 470 3175 u
484 3125 515 3177 irc
528 3139 584 3178 ras.
663 3129 695 3175 17
712 3122 776 3176 casii
785 3123 828 3193 (φ)
838 3124 974 3193 oirpclam
985 3122 1039 3175 oid.
1051 3123 1087 3175 al.
1099 3138 1133 3176 m.

116 3206 255 3263 addidisse
346 3215 379 3263 23
398 3207 471 3263 lani⁹
490 3214 533 3280 (φ)
552 3207 577 3265 i⁹
595 3213 632 3266 cl.
651 3230 685 3264 nra.
705 3229 769 3277 scr,
787 3212 834 3265 sed
852 3211 907 3265 oid.
926 3211 1012 3277 fuisse
1030 3210 1075 3263 iul

115 3295 197 3332 ursae
215 3282 272 3334 scil.
287 3282 325 3334 ud
343 3282 451 3335 bestiae
469 3284 555 3338 addit.
571 3284 621 3337 del.
637 3284 730 3337 Roold
756 3300 822 3335 ursa
836 3285 903 3337 Pric
929 3298 1011 3334 ursae
1025 3282 1135 3351 magni-

115 3350 168 3404 fico
192 3351 370 3421 coriolano·
410 3354 495 3408 datio.
515 3354 621 3421 defend.
641 3356 737 3408 Petsch
756 3355 814 3408 coll.
831 3358 952 3421 52,7sq.,
976 3354 1022 3407 sed
1045 3354 1135 3421 spolia

113 3423 280 3477 adimuntur
299 3425 410 3490 latrem,
429 3442 486 3479 non
503 3427 573 3480 latro
591 3426 688 3493 spolias
778 3429 811 3477 23
830 3425 982 3495 magnifieri
1002 3427 1045 3493 (φ)
1064 3429 1083 3477 d
1102 3441 1136 3479 ex

98 3502 116 3533 0
129 3491 199 3547 fore
221 3494 282 3546 ead.
304 3513 339 3549 m.
359 3513 440 3564 corr,
458 3498 508 3551 sed
525 3498 608 3565 refict.
627 3497 684 3550 oid.
760 3512 841 3549 ursae
860 3514 953 3566 magn.
974 3495 1134 3568 <mimum>

78 3553 229 3626 Plaeberq
