2460 3834
126 152 168 216 72
251 149 384 204 APVLEI
401 148 754 205 METAMORPHOSEON
772 150 838 204 ΠΒ.
853 149 902 217 111,
919 154 962 206 27.
984 155 1018 204 28

72 263 125 301 oud.
1057 264 1060 268 '
1160 262 1181 301 E

124 338 241 377 mecum
264 320 362 397 cogito
387 323 477 395 atque
500 321 542 377 in.
556 321 684 377 alterum
707 318 785 377 diem
810 319 921 376 auxilio
947 321 1061 378 rosario
1085 317 1144 376 Lu·

126 410 190 467 cius
209 409 305 467 denuo
324 410 444 467 futurus
463 409 532 483 equi
550 408 656 484 perfidi
674 408 840 466 uindictam
859 407 994 481 meditor,
1017 410 1144 482 respicio

125 498 205 573 pilae
229 496 354 569 mediae,
378 516 453 572 quae
477 497 589 556 stabuli
610 497 711 555 trabes
735 497 911 570 sustinebat,
939 499 1059 572 inipso
1083 498 1145 555 fere

71 602 113 641 aas
126 586 296 645 meditullio
329 586 452 662 Eponae
485 586 557 645 deae
589 585 782 644 simulacrum
813 586 945 644 residens
982 586 1145 660 aediculae,
1186 637 1189 640 Α

99 675 206 751 equod
239 678 376 733 accurate
408 675 527 734 corollis
559 677 652 734 roseis
685 674 823 750 equidem
849 674 1016 734 recentibus
1046 676 1146 734 fuerat

128 768 273 823 ornatum.
321 763 449 840 denique
465 765 595 840 adgnitc
620 765 748 823 salutari
770 764 919 840 praesidio
938 783 1048 838 pronus
1072 767 1146 838 spei,

128 855 274 928 quantum
292 854 420 912 extensis
441 852 590 928 prioribus
605 853 730 929 pedibus
745 852 840 911 adniti
858 855 1002 928 poteram,
1021 853 1145 929 insurgo

127 941 227 1000 ualide
267 945 296 1000 et
336 944 448 1001 ceruice
488 943 604 1017 prolixa
645 941 830 1017 nimiumque
866 943 1011 1016 porrectis
1048 942 1146 1015 labiis,

73 1045 114 1086 227
128 1033 241 1106 quanto
265 1033 392 1090 maxime
421 1032 489 1089 nisu
512 1035 656 1105 poteram,
684 1032 810 1090 corollas
834 1030 1019 1106 adpetebam
1066 1031 1145 1106 quod

88 1144 113 1182 ιο
126 1138 174 1178 me
204 1120 334 1194 pessima
365 1120 480 1178 scilicet
512 1124 591 1179 sorte
624 1123 781 1178 conantem
808 1120 942 1178 seruulus
973 1136 1063 1192 mens,
1097 1122 1147 1178 cui

128 1227 243 1283 semper
267 1209 336 1282 equi
358 1228 431 1267 cura
453 1209 596 1266 mandata
619 1209 726 1284 fuerat,
749 1210 869 1283 repente
894 1209 1077 1284 conspiciens
1100 1210 1146 1266 in-

128 1297 269 1374 dignatus
294 1298 411 1374 exurgit
435 1301 477 1356 et:
502 1293 572 1373 ‘quo
595 1317 688 1373 usque
711 1292 855 1371 tandem,
877 1299 985 1373 inquit,
1015 1293 1144 1356 ‘canthe-

127 1387 206 1444 rium
238 1388 388 1461 patiemur
419 1386 512 1445 istum
548 1387 639 1463 paulo
673 1390 741 1445 ante
775 1387 894 1445 cibariis
927 1378 1147 1468 inlinentomm,

127 1494 205 1532 nunc
233 1477 325 1533 etiam
353 1477 520 1534 simulacris
548 1475 670 1535 deorum
693 1473 855 1534 infestum?
901 1478 974 1551 quin
1006 1478 1067 1533 iam
1090 1495 1145 1551 ego

89 1587 114 1629 ιι
128 1566 222 1622 istum
245 1564 421 1642 sacrilegum
445 1565 572 1624 debilem
596 1565 793 1640 claudumque
816 1559 964 1637 reddam'3
990 1569 1020 1622 et
1043 1567 1146 1622 statim

128 1653 222 1711 telum
246 1653 367 1728 aliquod
396 1656 568 1729 quaeritans
600 1649 750 1731 <t>emere
778 1655 889 1713 fascem
912 1654 1062 1732 lignorum
1095 1673 1146 1728 po·

73 1760 114 1798 rra
127 1744 219 1801 sitnm
242 1741 365 1802 offendit
391 1744 578 1819 rimatusque
605 1742 779 1801 frondosum
806 1744 917 1802 fustem
949 1744 1064 1801 cunctis
1094 1762 1147 1800 ua·

128 1831 249 1890 stiorem
264 1850 324 1890 non
338 1833 421 1906 prius
439 1832 581 1892 miserum
601 1851 648 1890 me
666 1831 791 1890 tundere
810 1832 907 1906 desiit,
930 1850 1023 1907 quam
1046 1831 1147 1890 sonitu·

127 1919 297 1979 uehementi
329 1922 359 1978 et
390 1921 475 1998 largo
506 1916 678 1998 st<r>epitu
707 1922 855 1996 percussis
885 1922 996 1993 ianuis,
1028 1920 1147 1995 trepido

88 2034 115 2074 20
129 2008 221 2067 etiam
252 2029 370 2067 rumore
398 2005 570 2087 uicin<'>ae
603 2004 846 2089 conclama[n]tis
878 2009 1046 2068 latronibus
1078 2029 1146 2084 pro·

75 2101 114 2158 28
129 2097 208 2174 fugit
226 2100 358 2157 territus,
395 2118 448 2157 nec
467 2119 560 2169 mora,
583 2119 651 2158 cum
669 2101 702 2158 ui
719 2099 877 2175 patefactis
897 2098 1020 2157 aedibus
1041 2099 1146 2176 globus
1161 2113 1189 2150 5⁵

128 2187 280 2244 latronum
302 2187 420 2246 inuadit
443 2189 545 2246 omnia
568 2193 598 2247 et
621 2189 741 2266 singula
764 2188 869 2246 domus
897 2188 1030 2246 membra
1053 2188 1147 2265 cingit

129 2277 246 2335 armata
269 2277 361 2334 factio
386 2281 415 2335 et
439 2278 559 2337 auxiliis
586 2278 656 2337 hinc
684 2277 753 2336 inde
778 2276 1005 2336 consolantibus
1029 2277 1148 2335 obsistit

74 2382 115 2421 229
129 2364 277 2423 discursus
292 2365 417 2425 hostilis.
455 2366 554 2425 cuncti
572 2366 680 2443 gladiis
696 2370 726 2424 et
743 2367 859 2425 facibus
877 2365 1015 2424 instructi
1030 2368 1147 2424 noctem

89 2478 119 2518 25·
129 2453 312 2526 illuminant,
335 2464 472 2515 coruscat
494 2456 526 2513 in
544 2455 665 2514 modum
683 2455 865 2514 ortici'solis
888 2455 966 2531 ignis
985 2458 1015 2513 et
1036 2473 1147 2514 mucro.

129 2546 201 2602 tunc
228 2542 365 2601 horreum
399 2544 550 2618 quoddam
581 2546 653 2603 satis
681 2544 791 2602 ualidis
824 2542 962 2602 claustris
990 2543 1147 2620 obseptum

129 2631 375 2706 obseratumque,
413 2633 494 2708 quod
525 2632 630 2691 mediis
663 2632 785 2691 aedibus
818 2634 1013 2691 constitutum
1045 2624 1145 2713 gazis!

128 2720 250 2779 Milonis
278 2722 376 2780 fuerat
398 2723 551 2793 refertum,
581 2721 731 2780 securibus
758 2721 878 2789 ualidis¹
893 2721 1026 2797 adgressi
1049 2721 1147 2780 diffin-

130 2808 213 2867 dunt.
265 2829 323 2884 quo
352 2812 463 2884 passim
491 2810 604 2869 recluso
632 2815 713 2869 totas
741 2829 811 2886 opes
840 2810 954 2868 uehunt
977 2811 1148 2886 raptimque

200 2996 309 3050 F138⁵.
330 2997 439 3065 φ3ὁ·”.
531 3001 595 3050 tet
614 2999 728 3065 quidem
754 2998 854 3052 Gruter·
953 3003 986 3051 14
1005 3015 1042 3066 qn
1062 2998 1148 3065 iamt)

125 3084 215 3135 pocae
234 3085 310 3121 ecca.
402 3074 435 3121 16
455 3069 547 3136 querit
567 3068 618 3121 anf
634 3086 723 3121 emere
770 3090 803 3137 φε
815 3068 928 3136 qritanl
939 3072 1042 3122 temere
1062 3068 1124 3138 (anf
1135 3072 1148 3121 t

129 3140 161 3192 ia
180 3139 230 3193 icc.
250 3157 284 3192 rra.
303 3156 354 3193 rec.
373 3142 479 3209 scraps.)
534 3142 638 3193 temere
658 3139 814 3211 <propter>
834 3140 1037 3208 antepositum
1057 3148 1147 3194 traco·

125 3261 185 3313 pos.
205 3246 283 3299 cctVl
302 3247 337 3311 cf.
350 3250 414 3312 65,5
451 3299 453 3302 ,
486 3245 562 3300 sared
582 3249 622 3314 (φ,
642 3247 688 3299 sed
706 3248 737 3298 ic
755 3264 808 3316 asp.
828 3248 891 3300 cdd.
912 3224 926 3299 ἓ
945 3246 1057 3315 fascem)

130 3321 162 3369 1‘1
183 3315 272 3370 frond.
293 3319 555 3386 ef2165,19(152,4)
649 3322 681 3369 19
701 3317 803 3385 itepitu
822 3335 870 3371 ecc.
891 3339 912 3386 φ
1002 3323 1035 3369 20
1053 3318 1148 3389 uicinq

130 3387 172 3455 (φ)
192 3404 276 3442 enac
366 3388 540 3442 colementis
555 3391 597 3456 (φ)
617 3407 665 3441 ecu
687 3388 750 3442 core
866 3395 899 3442 26
920 3389 973 3442 orti
993 3388 1089 3442 bilolif
1105 3391 1148 3457 (φ)

98 3472 205 3570 essf
309 3465 345 3511 26
365 3459 499 3528 obseptri*
601 3465 633 3512 '29
650 3460 753 3513 caesim
772 3461 921 3513 Blecemner
1025 3461 1149 3513 euehuut
