2460 3834
116 181 159 246 36
250 181 384 236 APVLEI
401 181 756 237 METAMORPHOSEON
774 183 840 237 LIB.
855 182 889 246 Π,
910 189 952 238 13,
969 189 1002 238 14

62 291 111 331 Oud
1143 294 1164 332 E

117 350 267 411 nobilibus
287 351 525 410 adulescentulus
544 371 562 410 a
580 355 665 429 tergo
689 352 832 427 adrepens
852 371 918 410 eum
941 353 1051 411 lacinia
1070 371 1136 427 pre·

60 451 103 490 121
117 439 221 499 hendit
250 443 279 499 et
307 458 482 499 conuersum
510 441 663 516 amplexus
686 441 875 500 exosculatur
902 443 1058 500 artissime.
1104 442 1137 498 at

117 530 169 587 ille
196 529 248 587 ubi
281 529 412 604 primum
439 530 631 588 consauiatus
661 549 730 588 eum
759 529 867 588 iuxtim
896 548 927 589 se
956 533 992 588 ut
1019 528 1137 588 adsidet

117 618 224 693 effecit,
248 619 395 678 attonitus
419 611 478 696 [et]
501 620 674 695 repentinae
702 619 826 678 uisionis
854 621 975 694 stupore
999 620 1029 677 et
1051 637 1135 693 prae·

91 709 209 767 ssentis
233 708 356 785 negotii,
379 706 460 783 quod
482 707 617 785 gerebat,
641 707 750 765 oblitus
773 706 841 766 infit
863 707 902 767 ad
925 727 1005 766 eum:
1027 702 1136 782 “quam

119 795 191 854 olim
222 796 358 870 equidem
391 798 548 872 exoptatus
580 796 665 855 nobis
698 789 867 856 aduenis?”.
912 796 1067 872 respondit
1098 795 1135 855 ad

116 885 191 944 haec
204 885 257 943 ille
272 885 363 952 alius:
377 878 584 944 “commodum
597 904 720 961 uespera
735 887 857 945 oriente.
890 884 942 944 sed
955 887 1088 944 uicissim
1102 887 1137 943 tu

118 992 245 1049 quoque,
262 975 365 1047 frater,
383 973 458 1031 mihi
471 992 611 1048 memora,
631 993 718 1050 quem
732 974 907 1033 admodum
921 974 1034 1049 exinde,
1052 976 1087 1031 ut
1100 974 1136 1032 de

118 1062 240 1121 Euboea
254 1063 355 1122 insula
370 1063 497 1122 festinus
513 1063 690 1140 enauigasti‚
701 1064 731 1121 et
744 1065 835 1123 maris
850 1066 881 1120 et
894 1064 962 1122 uiae
976 1062 1136 1122 confeceris

65 1148 104 1203 14
117 1144 202 1210 iter.⁷'
213 1151 252 1209 ad
264 1151 338 1210 haec
346 1151 520 1227 Diophanes
528 1152 580 1209 ille
592 1150 756 1211 Chaldaeus
766 1153 903 1229 egregius
916 1155 1015 1210 mente
1028 1152 1137 1210 uiduus

77 1260 103 1299 11
118 1241 245 1299 necdum
275 1260 362 1300 suus:
386 1234 530 1314 “hostes⁷',
560 1242 671 1317 inquit,
694 1235 742 1299 “et
769 1259 870 1299 omnes
900 1240 1015 1299 inimici
1042 1241 1136 1300 nostri

117 1334 180 1389 tam
203 1330 310 1404 diram,
333 1331 424 1387 immo
447 1348 518 1388 uero
540 1328 679 1388 Vlixeam
701 1331 972 1408 peregrinationem
993 1329 1136 1388 incidant.

64 1429 105 1470 122
118 1438 188 1478 nam
212 1420 242 1477 et
264 1419 352 1477 nauis
375 1420 454 1494 ipsa,
482 1413 583 1496 (qua)
610 1418 802 1492 uehebamnr,
830 1420 924 1476 uariis
941 1412 951 1496 ΙΙ
968 1417 1137 1476 imbinibus

119 1508 317 1584 procellarum
340 1510 495 1582 quassata,
523 1511 651 1582 utroque
678 1509 823 1584 regimine
851 1507 959 1566 amisso
988 1525 1075 1583 aegro
1099 1507 1136 1566 ad

79 1615 104 1655 rs
119 1597 271 1655 ulterioris
293 1597 378 1672 ripae
396 1598 561 1672 marginem
581 1597 701 1654 detrrua
723 1615 865 1672 praeceps
884 1596 1017 1654 demersa
1040 1598 1084 1654 est
1107 1599 1137 1654 et

118 1704 173 1744 uos
205 1685 342 1745 omnibus
374 1687 492 1744 amissis
521 1687 573 1744 uix
603 1687 798 1744 enatauimus.
849 1685 1056 1760 quodcumque
1088 1685 1136 1743 uel

118 1776 290 1852 ignotorum
312 1774 501 1833 miseratione
520 1775 570 1832 uel
588 1774 751 1834 amicorum
768 1773 971 1833 beniuolentia
989 1775 1137 1832 contraxi-

118 1883 193 1936 mus,
215 1863 247 1921 id
265 1882 352 1922 omne
376 1863 561 1922 latrocinalis
586 1864 699 1922 inuasit
714 1882 829 1936 manus,
851 1881 975 1938 quorum
994 1861 1137 1920 audaciae

119 1971 289 2030 repugnans
318 1953 409 2010 etiam
439 1952 600 2026 Arignotus
628 1952 731 2011 unicus
760 1953 853 2010 frater
879 1970 962 2010 mens
989 1950 1043 2010 sub
1070 1951 1137 2010 istis

67 2051 107 2090 123
120 2041 214 2100 oculis
251 2042 342 2099 miser
377 2041 531 2117 iugulatus
568 2034 639 2100 est.''
693 2041 766 2099 haec
798 2060 832 2100 eo
870 2040 965 2098 adhuc
997 2042 1137 2098 narrante

79 2147 105 2187 21
120 2133 234 2188 maesto
274 2128 367 2188 Cerdo
404 2130 456 2188 ille
493 2131 663 2206 negotiator
695 2129 838 2205 correptis
874 2129 1035 2187 nummulis
1068 2131 1137 2201 suis,

120 2237 193 2292 quos
225 2219 419 2277 diuinatiouis
448 2218 575 2277 mercedi
599 2219 814 2290 destinauerat,
844 2220 980 2294 protinus
1009 2217 1137 2296 aufugit.

120 2325 155 2364 ac
187 2307 294 2366 dehinc
321 2309 394 2366 tunc
425 2308 544 2365 demum
572 2307 740 2380 Diophanes
772 2307 940 2384 expergitus
968 2308 1061 2365 sensit
1082 2308 1138 2364 im·

120 2387 348 2478 p<r>udenltiaa
377 2415 447 2455 suae
471 2396 581 2469 labem,
611 2414 677 2454 cum
701 2396 792 2455 etiam
820 2415 873 2454 nos
897 2395 992 2455 omnis
1016 2397 1138 2453 circum-

80 2502 106 2542 ss
121 2502 204 2543 secus
228 2485 381 2544 adstantes
404 2487 436 2543 in
460 2486 574 2543 clarum
597 2486 773 2544 cachinnum
796 2485 912 2543 uideret
935 2483 1050 2542 effusos.

188 2572 247 2632 Sed
279 2573 335 2632 tibi
369 2574 471 2649 plane,
508 2573 583 2632 Luci
615 2573 745 2647 domine,
786 2574 843 2632 soli
881 2574 1013 2632 omnium
1052 2571 1137 2630 Chal·
1152 2582 1179 2623 27

110 2652 211 2721 ¹dacus
244 2663 296 2720 ille
326 2682 398 2722 uera
435 2662 558 2736 dixerit,
589 2663 687 2739 sisque
724 2664 795 2721 felix
832 2665 862 2720 et
891 2665 948 2721 iter
984 2661 1137 2720 dexterum

120 2747 277 2829 porrrgas.'

194 3043 215 3097 F
237 3044 389 3098 131ῧ132·ι
414 3044 499 3112 pleb
515 3049 568 3097 30⁵.
669 3005 807 3112 39laudt3
827 3037 856 3114 (²
869 3046 933 3100 add.
953 3046 1013 3099 ead.
1032 3062 1080 3108 aa,
1101 3045 1137 3098 at.

121 3140 187 3187 mut.
207 3136 280 3188 uia
303 3133 332 3202 b)
369 3154 404 3201 p:
423 3129 545 3188 clauiat9
644 3140 661 3186 4
689 3136 718 3186 et
745 3135 794 3189 dcl.
822 3133 906 3202 Laetj
935 3135 969 3200 cf.
994 3137 1078 3199 68,18
1105 3149 1139 3186 ex

123 3258 219 3311 Pctsch
286 3257 430 3326 euegotii
444 3259 487 3326 (φ)
502 3264 566 3326 post
583 3258 605 3311 ii
623 3275 677 3312 ras.
744 3264 776 3310 13
791 3257 852 3328 ipsa
893 3278 926 3326 tv:
941 3216 1016 3326 iplaa‘hl
1035 3217 1137 3327 (daca

124 3329 159 3382 al.
185 3330 231 3396 m.)
264 3327 294 3381 in
317 3345 374 3396 qua
397 3331 525 3383 Bursian
556 3329 620 3398 ipsa
642 3329 672 3382 iu
697 3345 754 3397 qua
776 3347 792 3383 c
824 3329 887 3398 ipsa
909 3329 959 3382 ubi
983 3332 1067 3400 chtc

121 3422 157 3467 19
176 3416 317 3470 arisuotus
332 3420 373 3486 (φ,
392 3418 439 3472 aad
458 3419 489 3471 ia
507 3436 559 3489 mg.
579 3419 615 3472 al.
634 3436 668 3470 m.
688 3414 824 3486 Trisnot9)
844 3436 891 3472 em.
911 3419 1103 3489 Jungermaca

103 3488 145 3530 23
161 3485 303 3538 drbfarrel
368 3488 550 3562 impudentis
570 3490 613 3559 (φ)
632 3505 679 3543 cot.
699 3505 715 3542 v
733 3490 767 3556 cf.
789 3490 868 3543 VIII
877 3491 946 3544 dio.
1020 3495 1054 3542 24
1073 3489 1137 3542 laud

83 3559 136 3595 em,
158 3565 196 3600 m.
217 3570 272 3606 ree.
295 3564 324 3610 et
341 3578 366 3625 φ
464 3567 498 3616 25
519 3578 646 3634 peragas
665 3562 749 3618 Nolle
837 3575 840 3579 ’
