2460 3834
93 170 136 232 22
258 169 392 223 APVLEI
411 170 765 225 METAMORPHOSEON
784 171 850 226 LIB.
865 173 886 238 I,
906 177 939 224 24

56 280 92 318 ad.
1121 283 1141 321 Ε

92 358 190 397 rerum
218 337 354 412 istarum,
384 358 460 414 quae
488 341 605 398 itineris
635 339 744 414 ubique
767 358 821 399 nos
844 339 1033 414 comitantur,
1063 341 1106 399 in-

92 426 235 503 digemus.
292 427 342 485 sed
375 431 405 486 et
437 427 557 487 balneas
590 428 677 488 facile
715 428 963 504 percontabimur.
1018 430 1107 504 plane

93 515 172 590 quod
195 519 241 574 est
262 517 338 574 mihi
361 535 473 574 summe
502 519 704 594 praecipuum,
732 536 816 593 equ0,
844 518 897 593 qui
919 537 965 576 me
989 521 1107 578 strenue

91 604 235 680 peruenit,
267 605 387 663 faenum
417 609 507 681 atque
538 606 659 665 ordeum
691 606 818 682 acceptis
849 607 915 665 istis
945 607 1106 665 nummulis

65 695 134 766 stu,
157 693 270 766 Photis,
294 690 405 753 emitu'

158 782 212 840 His
233 783 306 842 actis
321 788 351 840 et
365 783 452 842 rebus
471 787 544 843 meis
563 787 595 842 in
610 785 662 842 illo
682 783 816 843 cubiculo
836 783 962 842 conditis
981 802 1106 860 pergens

90 871 154 946 ipse
169 871 207 928 ad
228 871 356 946 balneas,
375 875 409 930 ut
428 875 511 947 prius
531 873 646 949 aliquid
663 873 748 941 nobis
768 872 882 931 cibatui
900 875 1106 948 prospicerem,

90 961 189 1018 forum
221 960 369 1035 cupidinis
401 965 471 1036 peto
503 965 596 1037 inque
629 981 663 1020 eo
696 963 843 1037 piscatum
875 962 1029 1037 opiparem
1059 981 1106 1019 ex„

90 1051 222 1123 positum
239 1049 328 1108 uideo
348 1054 378 1109 et
396 1054 570 1125 percontato
589 1053 695 1126 pretio,
717 1051 795 1125 quod
815 1052 933 1108 eentum
950 1044 960 1127 Η
977 1051 1106 1108 nummis

56 1137 246 1212 uindicaret,
279 1143 455 1213 aspernatus
489 1140 599 1217 uiginti
629 1140 759 1199 denariis
789 1141 982 1214 praestinaui.
1037 1139 1106 1196 inde

56 1237 77 1276 7⁴
91 1245 138 1284 me
148 1226 336 1286 commodum
350 1229 551 1304 egredientem
566 1230 738 1287 continetur
747 1228 873 1303 Pythias
888 1228 1107 1303 condiscipulus
1122 1237 1147 1273 1⁶

91 1316 170 1390 apud
183 1316 316 1376 Athenas
326 1317 444 1376 Atticas
457 1337 550 1391 meus,
566 1317 617 1392 qui
632 1338 678 1376 me
693 1320 761 1392 post
775 1317 963 1392 aliquantum
977 1318 1107 1376 multum

91 1404 234 1480 temporis
254 1409 389 1464 amanter
407 1408 544 1483 agnitum
562 1406 680 1465 inuadit
701 1407 911 1481 amplexusque
931 1425 965 1464 ac
984 1406 1107 1465 comiter

92 1491 293 1553 deosculatus:
322 1489 374 1551 ‘mi
397 1491 493 1571 Luci',
522 1496 574 1566 ait,
604 1491 662 1554 ‘sat
685 1495 736 1571 pol
760 1496 811 1553 diu
835 1497 888 1568 est,
911 1495 992 1569 quod
1015 1497 1106 1554 inter·

56 1601 76 1640 re
91 1582 216 1640 uisimus
246 1585 284 1657 te,
318 1586 350 1640 at
378 1583 521 1643 Hercules
555 1585 658 1643 exinde
689 1604 756 1643 eum
786 1603 803 1642 a
832 1575 930 1657 'ceptio
962 1584 1106 1660 magistro

56 1681 77 1719 7⁵
92 1670 219 1747 digressi
249 1690 358 1731 sumus.
413 1692 488 1747 quae
520 1677 620 1732 autem
649 1674 706 1732 tibi
736 1691 825 1731 causa
857 1674 1106 1749 peregrinationis

90 1755 211 1819 huiusl'
260 1755 401 1820 ‘crastino
434 1763 480 1820 die
513 1757 609 1836 scies’,
641 1765 773 1837 inquam,
807 1757 869 1820 ‘sed
902 1761 973 1836 quid
1005 1759 1108 1820 istud?

90 1850 156 1907 uoti
180 1850 304 1927 gaudeo.
350 1869 420 1908 nam
444 1854 474 1909 et
497 1851 573 1909 lixas
597 1855 627 1910 et
649 1852 750 1929 uirgas
775 1854 804 1909 et
827 1850 963 1908 habitum
986 1868 1107 1926 prorsus

91 1940 283 2015 magistratui
302 1944 514 2016 congruentem
528 1942 561 2006 in
578 1943 609 1998 te
623 1935 730 2017 uideo’
769 1934 929 1996 ‘annonam
949 1934 1107 2011 curamus’,

56 2047 78 2085 ro
92 2028 144 2099 ait,
174 2022 216 2086 ‘ot
240 2027 366 2087 aedilem
389 2031 517 2105 gerimus
542 2033 571 2087 et
594 2029 693 2103 siquid
717 2028 860 2086 obsonare
885 2029 976 2102 cupis,
1004 2030 1107 2103 ntique

56 2128 78 2166 7⁶
92 2112 365 2176 commodabimus’
405 2117 580 2190 abnuebam‚
604 2120 713 2193 quippe
733 2117 784 2192 qui
805 2119 866 2174 iam
885 2135 974 2175 cenae
993 2117 1108 2174 affatim

92 2206 239 2279 piscatum
263 2225 515 2281 prospexeramus.
558 2206 608 2265 sed
633 2209 711 2264 enim
734 2205 859 2281 Pythias
883 2206 949 2264 uisa
972 2206 1108 2280 sportula

92 2295 299 2368 succussisque
317 2296 349 2352 in
369 2298 521 2371 aspectum
540 2295 706 2370 planiorem
724 2294 867 2370 piscibus:
893 2290 934 2351 ‘at
953 2294 1007 2352 has
1028 2296 1106 2368 quis-

163 2498 183 2550 F
200 2499 290 2554 129⁸b.
311 2521 332 2568 φ
348 2501 404 2580 27¹³.
496 2506 511 2553 5
531 2501 626 2569 photil
637 2503 680 2569 (φ)
699 2517 767 2554 corr.
782 2517 815 2553 ex
829 2499 857 2551 fo
869 2530 910 2563 —-‚
930 2499 961 2552 ire
974 2517 1025 2569 reg.
1041 2500 1106 2552 cdd.

89 2585 147 2654 pho
239 2593 254 2641 6
284 2581 405 2643 cond¹til
425 2571 482 2659 (ndi
510 2607 544 2644 ere
571 2589 610 2643 mi
634 2591 676 2656 eff.
701 2590 759 2644 ead.
785 2591 830 2658 ra.)
859 2608 893 2656 qr:
918 2587 1040 2641 conditis

91 2662 106 2708 8
136 2658 280 2725 cupedinis
304 2678 319 2714 o
351 2661 386 2726 cf.
406 2665 470 2727 23,4
492 2666 577 2726 25,12
604 2662 691 2715 Varro
715 2662 747 2714 de
770 2662 836 2730 lireg.
861 2660 925 2713 Lat.
950 2660 1036 2712 V146

92 2787 125 2834 10
149 2781 288 2836 indicaret
310 2802 345 2839 se.
366 2786 507 2854 piscarius
529 2786 564 2851 cf.
583 2789 648 2851 23,9
704 2805 738 2854 tp:
753 2738 894 2841 mdicuei
1022 2783 1107 2835 dena·

89 2887 147 2941 rios
165 2891 206 2958 rso)
226 2907 273 2943 era.
296 2893 358 2945 Ocd
386 2892 531 2945 denarium
552 2892 623 2946 Helet
639 2894 697 2947 coll.
712 2896 776 2958 23,2
791 2896 873 2957 35,25
964 2895 996 2944 11
1015 2853 1108 2942 ethici

90 2968 179 3031 laer.
199 2996 234 3032 re.
253 2982 384 3035 recentior
403 2983 445 3049 (φ)
465 2984 499 3047 cf.
519 2982 587 3035 Vel
608 2983 712 3036 V1125
727 2981 778 3034 XI
784 2986 810 3046 6,
835 2980 882 3035 sed
904 2981 945 3033 VI
958 2984 994 3033 18
1014 2979 1064 3030 XI
1070 2981 1108 3031 22

90 3047 259 3103 Schuchardt
287 3052 380 3106 Volcei.
405 3053 431 3105 d.
455 3052 618 3121 Veterator,
641 3054 708 3120 Lps.
732 3056 805 3106 1667
809 3093 818 3119 ,
842 3054 881 3106 ΙΙ
898 3055 954 3104 168
982 3052 1108 3104 Heraeus

91 3119 210 3187 Sprache
229 3122 255 3174 d.
276 3124 386 3188 Patron,
414 3123 516 3190 Oriente.
538 3127 618 3189 1899,
633 3141 662 3192 p.
678 3128 714 3177 25
839 3129 870 3177 12
895 3122 1019 3189 aliquam
1043 3122 1108 3176 Colo

90 3190 125 3255 cf.
146 3193 216 3246 Vae
234 3195 273 3247 ire.
293 3194 341 3247 XI
349 3197 388 3247 26
406 3195 444 3247 r're.
464 3195 841 3263 apol.6,4ce,14108,ffl.
860 3197 919 3262 fler.
935 3199 971 3247 16
990 3195 1028 3246 e'n.

92 3266 125 3314 13
146 3263 274 3332 agnitum
294 3267 421 3319 amanter
439 3267 474 3319 vd
482 3267 517 3319 Vl
634 3272 665 3318 14
685 3282 769 3333 quom
789 3266 898 3335 Sauppe
917 3267 952 3332 cf.
969 3265 1062 3334 Quint.
1078 3264 1108 3316 X

91 3336 153 3397 3‚14
173 3335 248 3388 Ptin.
268 3353 308 3405 ep.
328 3338 450 3403 1V27,1
547 3342 579 3389 15
602 3335 691 3390 adstio
711 3339 753 3405 (φ)
777 3354 825 3390 em.
844 3337 954 3405 Sauppe
972 3335 1007 3400 ef.
1028 3338 1109 3400 11,12

92 3407 156 3468 52‚3
175 3410 240 3471 6637
330 3407 408 3462 1‘1l18
428 3408 504 3461 istud
523 3408 606 3461 noui?
627 3408 737 3476 gaudeo
759 3407 877 3462 Guilelra
967 3411 1001 3458 20
1020 3406 1106 3477 <ope-

75 3473 164 3545 rem)
185 3476 286 3541 utique
305 3481 345 3533 ed
352 3481 386 3533 Vl
476 3485 509 3532 22
527 3478 641 3550 piscatu
660 3496 708 3532 em.
728 3480 786 3533 end.
801 3497 835 3532 re.
851 3479 974 3547 piscatus
994 3478 1108 3531 Steroeeh

56 3542 181 3593 precatu
208 3547 372 3607 Bluemreer
389 3552 425 3620 cf.
451 3554 514 3610 VII
520 3549 556 3608 1'0
575 3569 618 3608 ex.
709 3555 744 3605 23
772 3550 811 3603 ad
836 3571 873 3617 epa
889 3551 921 3602 at
