2460 3834
53 173 57 185 ·
114 173 157 237 56
262 173 395 227 rernm
412 130 765 227 nurluoseuosuou
785 172 956 240 1141114.
976 178 992 226 o

62 284 114 322 Oud.

113 343 296 416 recedemuS,
330 342 356 401 si
383 342 502 401 saluum
533 342 565 399 in
597 342 685 400 domo
717 340 864 400 neminem
896 331 1132 416 reliquerimus.''

113 417 218 506 fateor,
245 429 384 504 Quirites,
407 434 552 490 extremos
577 430 708 489 latrones
735 461 776 469 -
804 429 876 487 boni
901 431 976 488 ciuis
1003 429 1131 487 officium

115 518 287 593 arbitratus,
311 520 400 579 simul
424 523 454 578 et
477 522 582 578 eximie
605 521 740 578 metuens
763 522 794 576 et
815 517 982 594 hospitibus
1006 519 1079 577 meis
1102 520 1133 576 et

117 610 193 667 mibi
207 641 250 649 —
265 608 407 685 gladiolo,
427 611 480 685 qui
497 628 544 667 me
562 616 686 684 propter
698 608 786 666 huius
801 607 882 666 modi
895 607 1028 682 pericula
1043 607 1132 665 comi·

76 718 88 758 o
116 698 251 771 tabatnr,
283 700 417 757 armatus
446 698 551 775 fugare
581 701 672 772 atque
702 701 866 772 proterrere
897 715 945 755 eos
976 695 1132 773 adgressus

116 806 189 845 sum.
237 790 269 845 at
290 787 338 845 illi
361 784 482 844 barbari
504 805 624 862 prorsus
653 790 683 845 et
709 788 853 844 immanes
881 786 1015 843 homines
1038 802 1133 859 neque

115 877 219 953 fugam
250 879 407 951 capessunt
437 880 480 950 et,
512 894 579 933 cum
606 893 653 933 me
683 874 819 932 uiderent
848 875 880 932 in
909 874 1000 948 ferro,
1032 876 1134 932 tamen

117 964 269 1024 audaciter
291 966 442 1023 resistunt.

81 1055 99 1107 6
183 1053 333 1130 Dirigitur
350 1053 507 1129 proeliaris
531 1052 616 1111 acies
646 1053 710 1127 ipse
729 1052 855 1127 donique
875 1051 933 1110 dux
957 1052 987 1111 et
1010 1051 1136 1128 signifer

79 1163 105 1201 ιο
119 1146 282 1200 ceterorum
306 1142 416 1200 ualidis
436 1160 483 1200 me
506 1141 620 1199 uiribus
644 1141 800 1219 adgressus
823 1140 893 1200 ilico
912 1140 1049 1199 manibus
1072 1158 1134 1197 am-

66 1230 212 1289 orbabas
237 1231 345 1305 capillo
370 1232 526 1304 adreptum
549 1249 583 1288 ac
605 1233 685 1289 retro
712 1230 853 1288 reflexum
881 1230 1011 1307 effligere
1034 1228 1136 1304 lapide

119 1321 217 1397 gestit.
265 1339 352 1395 quem
376 1319 447 1377 dum
470 1319 528 1379 sibi
550 1319 665 1395 porrigi
692 1318 824 1396 flagitat,
851 1321 932 1377 certa
954 1337 1045 1376 manu
1068 1337 1135 1393 per-

118 1426 240 1467 cussum
266 1408 393 1467 feliciter
416 1413 583 1483 prosterno.
631 1426 665 1466 ac
692 1427 760 1466 mox
788 1407 880 1465 alium
908 1407 1032 1482 pedibus
1060 1408 1135 1466 meis

119 1497 270 1556 mordicus
288 1496 490 1556 inhaerentem
508 1517 562 1572 per
581 1497 717 1572 scapulas
737 1499 799 1554 ictu
813 1498 979 1571 temperato
997 1497 1136 1554 tertium-

79 1605 178 1662 reque
208 1586 366 1662 inprouide
398 1589 601 1645 occurrentem
630 1589 748 1661 pectore
779 1585 889 1644 offenso
918 1604 1046 1660 peremo.
1093 1586 1136 1644 sic

119 1693 192 1751 pace
224 1674 377 1733 uindicata
411 1674 557 1750 domoque
594 1676 745 1750 hospitum
782 1693 816 1733 ac
853 1674 948 1732 salute
985 1675 1138 1732 communi

119 1767 255 1840 protecta
277 1783 337 1824 non
364 1766 480 1822 tantam
507 1766 659 1839 impunem
686 1783 746 1837 me,
777 1783 880 1822 uerum
911 1762 1003 1822 etiam
1031 1761 1136 1821 lauda·

120 1853 210 1911 bilem
234 1853 351 1928 publice
375 1852 529 1912 credebam
552 1856 625 1925 lore,
649 1854 701 1927 qui
723 1872 760 1910 ne
783 1852 904 1910 tantillo
929 1851 1048 1926 quidem
1071 1870 1137 1909 um·

120 1961 210 2016 quam
234 1942 357 2000 crimine
379 1942 563 2017 postuletne,
590 1941 642 1999 sed
664 1941 755 2017 probe
778 1945 928 2016 spectatus
953 1940 1032 2015 apud
1055 1957 1137 1998 meos

80 2051 106 2091 so
121 2049 235 2105 semper
264 2031 464 2090 innocentiam
495 2030 656 2089 commodis
686 2032 800 2089 cunctis
831 2030 1036 2089 antetuleram.
1082 2046 1138 2087 nec

67 2131 106 2170 184
120 2138 242 2195 possum
263 2121 424 2195 repperire,
447 2139 499 2177 our
522 2122 617 2178 iustae
642 2119 773 2192 ultionis,
797 2139 855 2194 qua
879 2122 983 2177 contra
1005 2119 1138 2176 latrones

120 2209 293 2267 deterrimos
318 2212 481 2267 commotus
505 2227 583 2282 sum,
611 2227 690 2267 nunc
713 2210 804 2267 istum
827 2212 942 2266 reatum
966 2208 1138 2281 sustineam,

120 2316 189 2356 cum
211 2317 297 2356 nomo
319 2299 416 2373 possit
438 2302 603 2355 monstrare
625 2298 675 2355 uel
697 2300 833 2372 proprias
856 2299 935 2355 inter
962 2315 1015 2354 nos
1038 2297 1137 2353 inimi-

122 2387 208 2445 citias
230 2383 234 2466 Ι
254 2387 447 2462 praecessisse
471 2405 507 2445 ac
525 2406 561 2444 ne
580 2386 700 2444 omnino
719 2386 792 2444 mihi
811 2390 898 2445 notos
917 2385 986 2444 illos
1005 2386 1138 2444 latrones

194 2645 305 2698 p135e
326 2644 471 2712 parler.
554 2645 611 2697 lli
630 2644 737 2697 saluum
756 2646 859 2698 taras.
880 2645 938 2698 ead.
958 2662 992 2698 m.
1043 2665 1077 2712 p:
1098 2643 1139 2709 sic

124 2715 203 2768 laluu
293 2716 524 2784 textremosbp)
544 2718 578 2782 cs.
595 2720 657 2780 775
677 2719 758 2782 79,17
778 2717 989 2782 9981222144
1009 2713 1139 2767 extermi-

122 2805 189 2840 nare
200 2788 273 2841 Hira
288 2789 425 2840 extremos
436 2787 666 2859 (exterminare)
678 2787 781 2855 Luetj(
781 2787 860 2840 sedo.
871 2791 933 2852 46,1
945 2791 1023 2851 116,1
1034 2786 1083 2839 IX
1091 2787 1139 2854 35)

123 2857 307 2930 (extirpare)
322 2861 458 2911 extremos
468 2859 548 2912 odVl
620 2857 1061 2929 14440444<4ιοθιε>ΝουαΙεσίΙ
1072 2872 1140 2925 pro-

122 2982 220 3019 aomcrr
233 2965 336 3033 repetit.
319 2968 395 3030 4,14
399 2968 432 3017 13
447 2969 491 3031 59
492 2968 530 3018 22
589 2964 671 3035 ciuis]
686 2963 761 3017 uiri?
776 2964 832 3017 Leo
892 2962 1053 3016 3arbitrat·
1047 2965 1139 3032 ‚‚(ead

122 3053 222 3106 ottold.
233 3071 267 3106 m
278 3053 360 3107 add:
354 3055 371 3120 ς)
400 3074 433 3120 φτ
450 3053 568 3106 arbitret
556 3039 609 3123 t'(
623 3070 690 3108 corr.
702 3052 834 3107 ertead.
845 3054 890 3120 m.)
963 3053 998 3118 cf.
1015 3056 1094 3118 1812

124 3123 379 3262 4444444444
390 3124 676 3264 44444444)
706 3095 1087 3260 744444444404444

124 3266 253 3338 (caput)
273 3265 397 3334 effligere
415 3267 495 3320 odVl
604 3216 783 3348 1444444141
798 3269 829 3334 (φ
822 3212 841 3333 Il
859 3264 891 3316 al
906 3283 938 3318 er
957 3268 974 3318 4
993 3283 1060 3319 corr.
1080 3266 1139 3320 ead.

124 3339 410 3408 1111744414(
413 3342 421 3400 4
443 3340 555 3391 tantum
577 3339 617 3391 ed
637 3339 720 3392 Basit
750 3338 808 3390 iam
830 3337 945 3391 Stewecb
977 3338 1012 3402 ef.
1038 3338 1081 3391 VI
1089 3341 1142 3392 29.

122 3425 180 3460 non
204 3409 279 3462 enim
287 3343 331 3461 7te
353 3411 478 3474 tantum,
504 3425 601 3461 uerum
625 3407 711 3461 etiam
729 3424 774 3461 me
886 3413 920 3459 24
944 3425 976 3461 ao
995 3424 1047 3461 nec
1066 3408 1142 3461 Bur·

89 3479 331 3601 §raptim
352 3485 438 3624 όβὸη
508 3479 614 3628 Ριιὲοε
633 3481 711 3534 cctVl
728 3481 798 3547 falso
817 3480 876 3533 coll.
898 3479 951 3533 Cic.
971 3496 1021 3547 pro
1042 3480 1142 3534 Roscio

388 3571 407 3606 a
438 3552 542 3610 ones?
586 3571 617 3610 co
