2460 3834
126 200 190 265 102
239 201 374 255 APVLEI
393 199 907 268 METAMORPHOSEONLIB.1111‚
927 207 968 254 34.
989 206 1022 254 aa

70 310 280 446 mietigatis?
321 370 394 446 quid
416 370 547 429 lacrimis
571 372 773 430 inefficacibus
797 389 849 429 ora
872 371 947 428 mihi
970 369 1140 427 ueneranda
1154 310 1174 349 Ε

122 457 270 517 foedatis?
325 459 397 534 quid
426 460 565 519 laceratis
592 461 624 518 in
652 463 759 519 uestris
789 461 881 518 oculis
910 477 976 517 mea
1003 455 1139 516 lumina?

122 547 195 623 quid
218 547 358 607 canitiem
382 547 538 608 scinditis?
580 549 652 625 quid
675 553 806 624 pectora,
830 547 903 625 quid
920 548 1012 606 ubera
1033 550 1139 606 sancta
1154 559 1179 601 11

120 635 269 696 tunditis?
314 638 387 696 haec
419 641 506 696 erunt
533 638 619 697 uobis
648 640 782 716 egregiae
810 638 1027 696 formonsitatis
1054 655 1139 694 meae

94 727 275 801 spraeclara
306 725 460 802 praemia?
515 728 647 786 inuidiae
679 729 811 786 nefariae
839 726 925 784 letali
951 726 1042 802 plaga
1072 745 1138 800 per-

121 817 199 873 cussi
223 833 287 874 sero
312 816 438 875 sentitis.
485 834 553 873 cum
577 820 679 894 gentes
703 819 733 874 et
755 816 861 892 populi
884 815 1065 874 celebrarent
1084 832 1138 872 nos

120 903 230 962 diuinis
257 904 429 977 honoribus,
461 925 527 962 cum
552 924 660 964 nouam
683 925 730 963 me
753 905 899 984 Venerem
931 922 980 962 ore
1008 921 1137 961 consono

66 1005 105 1042 31³
120 996 335 1068 nuncuparent,
366 996 439 1051 tunc
462 993 571 1067 dolere,
598 997 669 1052 tunc
692 994 769 1068 flere,
801 995 872 1052 tunc
896 1012 942 1050 me
965 995 1027 1050 inm
1051 994 1139 1066 quasi

119 1085 304 1156 peremptam
326 1083 428 1159 lugere
452 1082 604 1140 debuistis
650 1085 712 1140 iam
739 1085 845 1156 sentio,
876 1084 938 1139 iam
961 1080 1049 1138 uideo
1073 1082 1137 1140 solo

80 1190 165 1228 rome
189 1173 307 1229 nominc
330 1171 454 1230 Veneris
486 1173 606 1246 perisse.
660 1172 758 1230 ducite
787 1191 835 1229 me
868 1175 897 1229 et
928 1172 977 1243 cui
1000 1187 1061 1245 sors
1085 1169 1137 1227 ad-

120 1259 197 1320 dixit
225 1260 346 1334 scopulo
375 1262 479 1320 sistite.
525 1260 634 1319 festino
664 1262 766 1319 felices
796 1263 869 1318 istas
897 1260 1017 1334 nuptias
1046 1259 1137 1334 obire,

118 1348 227 1406 festino
251 1368 426 1426 generosum
448 1350 534 1407 illum
554 1351 696 1408 maritum
717 1369 816 1406 meum
834 1348 943 1407 uidere.
989 1347 1061 1423 quid
1080 1347 1137 1406 dif-

118 1437 192 1511 fero,
215 1437 287 1512 quid
311 1437 443 1497 detrecto
467 1441 644 1511 uenientem,
675 1440 728 1513 qui
749 1440 843 1497 totius
867 1437 946 1496 orbis
971 1438 1060 1495 exitio
1084 1455 1136 1495 na·

118 1527 166 1583 tus
191 1519 274 1585 estl⁷⁷

64 1613 102 1666 85
186 1614 234 1673 Sic
253 1616 372 1690 profata
395 1617 480 1693 uirgo
505 1618 649 1675 conticuit
676 1610 914 1693 ingres<s>uque
942 1617 1004 1672 iam
1033 1614 1136 1673 ualido

79 1722 104 1761 rs
118 1722 245 1779 pompae
277 1705 383 1779 populi
410 1705 616 1780 prosequentis
647 1723 709 1764 sese
739 1704 867 1764 miscuit.
913 1707 975 1763 itur
1002 1703 1040 1761 ad
1068 1722 1136 1761 con-

119 1794 259 1851 stitutum
288 1794 444 1868 scopulum
472 1795 582 1852 montis
611 1793 705 1866 ardui,
739 1793 834 1851 cuius
850 1795 882 1850 in
906 1812 1020 1852 summo
1051 1811 1135 1852 cacu-

118 1883 198 1940 mine
227 1884 372 1941 statutam
400 1883 533 1957 puellam
561 1884 660 1941 cuncti
690 1882 839 1956 deserunt,
870 1881 1032 1957 taedasque
1061 1901 1136 1957 nup-

118 1971 215 2048 tiales
236 1971 342 2046 quibus
361 1972 580 2046 praeluxerunt,
599 1970 710 2029 ibidem
724 1972 855 2029 lacrimis
870 1972 931 2029 suis
946 1968 1136 2045 extin<c>tas

78 2079 103 2117 so
117 2059 319 2135 relinquentes
334 2061 455 2118 deiectis
479 2060 627 2134 capitibus
642 2059 856 2118 domuitionem
878 2063 995 2135 parant.
1037 2063 1066 2118 et
1080 2061 1136 2118 mi-

63 2160 104 2198 316
118 2150 176 2206 seri
195 2148 315 2224 quidem
329 2151 466 2223 parentes
482 2150 544 2207 eius
559 2151 646 2207 tanta
661 2149 743 2207 clade
759 2149 874 2221 defessi,
899 2149 1015 2207 clausae
1031 2148 1135 2208 domus

117 2238 247 2296 abstrusi
262 2238 401 2312 tenebris,
416 2242 576 2313 perpetuae
599 2232 724 2316 nocti[s]
740 2257 801 2296 sese
822 2237 968 2296 dedidere.
1000 2237 1136 2313 Psychen

117 2331 218 2385 autem
248 2329 409 2401 pauentem
437 2344 472 2385 ac
499 2327 647 2401 trepidam
679 2330 709 2384 et
731 2328 763 2385 in
785 2329 851 2402 ipso
884 2328 1000 2402 scopuli
1023 2329 1135 2386 uertice

187 2549 298 2603 Fid-⁹3¹³.
319 2555 409 2618 (940⁸.
494 2549 535 2620 lsi
556 2549 738 2602 oramihiu.
758 2550 831 2603 etin
850 2568 875 2603 u.
892 2567 915 2603 o.
930 2568 967 2603 m.
986 2548 1052 2601 lum.
1063 2550 1137 2603 inter

115 2637 142 2675 sc
161 2627 295 2688 trccspoa
316 2621 465 2674 Blacmoer
555 2621 734 2674 imaceratis
754 2622 850 2675 Petsch
940 2621 1040 2674 4baec
1055 2623 1137 2674 erant

117 2693 218 2759 Haupt
245 2692 271 2745 h.
288 2692 363 2744 enim
382 2691 477 2747 Rohde
505 2691 531 2744 h.
552 2694 617 2744 sunt
635 2693 712 2746 Jahn
739 2693 825 2746 haece
845 2693 910 2744 sunt
929 2692 1077 2746 Michaelis

116 2764 340 2832 interropatioois
348 2765 458 2833 cipetum
474 2781 498 2816 o.
510 2768 526 2816 5
540 2780 596 2830 poa
608 2765 652 2817 He
748 2770 763 2815 6
774 2762 874 2831 gentes
881 2765 922 2832 (φ)
931 2764 977 2817 scd
987 2761 1031 2816 tes
1037 2763 1091 2816 oid.
1103 2780 1136 2817 cx

117 2868 148 2922 as
163 2885 265 2924 correo.
285 2871 344 2923 eod.
363 2888 398 2923 m.
496 2873 527 2921 13
544 2890 577 2938 p:
594 2860 715 2924 nectito
735 2870 826 2939 (tardo
841 2871 877 2924 al.
892 2887 926 2923 m.
937 2870 1049 2935 refirncq
1068 2869 1137 2937 quid

116 2957 184 2995 cras.
203 2941 248 3007 sit,
267 2958 323 2995 coe
343 2943 436 3009 liquet)
527 2941 652 3008 qstotiul
668 2941 774 2994 orbiu*
790 2943 888 3009 (prior.
908 2942 921 2992 t
939 2956 1025 3007 sopra
1045 2940 1095 2994 litt.
1117 2940 1136 2992 d

116 3029 184 3067 cras.
204 3014 240 3067 al.
260 3031 294 3067 m.
313 3015 417 3080 compa,
444 3013 491 3066 sed
513 3013 607 3079 fecerat
631 3013 669 3080 qd
692 3019 757 3066 mot.
777 3015 809 3066 io
828 3014 859 3081 qt
884 3031 902 3065 o
920 3029 961 3079 pr.
972 3029 1006 3063 or.
1013 3031 1022 3075 ;
1050 3010 1084 3062 ul
1099 3029 1134 3065 m.

115 3100 166 3138 rec.
185 3085 293 3152 restem,
321 3090 436 3152 apparet
458 3084 601 3153 cestipc'um
620 3085 671 3138 titt.
692 3083 705 3135 s
721 3091 745 3138 ct
762 3085 811 3137 sab
830 3101 849 3135 n
868 3085 918 3137 litt.
939 3100 970 3147 0;
995 3083 1084 3135 “add.
1098 3100 1134 3136 m.

111 3172 171 3223 pr.;
186 3162 250 3224 post
269 3154 340 3209 orbi¹¹
359 3156 430 3209 duae
454 3155 507 3208 litt.
526 3171 604 3219 cras„
627 3157 684 3210 scil.
709 3154 744 3221 se,
770 3156 843 3224 quod
865 3156 936 3221 falso
956 3155 1053 3207 litteris
1071 3170 1134 3207 con-

116 3227 219 3281 iunctis
239 3227 332 3280 librar.
353 3228 467 3296 leporem
487 3226 540 3280 oid.
560 3227 647 3295 ipitcr
661 3243 706 3295 pr.
717 3244 751 3280 m.
763 3229 794 3294 qt
809 3225 882 3279 otios
893 3224 964 3278 orbi⁸
982 3241 1083 3278 correct.
1102 3242 1136 3279 erc

115 3296 155 3365 'qd
174 3297 248 3351 otios
273 3297 334 3351 orbi
353 3297 390 3367 le)
441 3318 475 3365 p:
496 3297 532 3366 qd
558 3296 717 3350 ottoborbr
743 3299 763 3365 (⁸
781 3315 826 3366 pr.
846 3315 890 3362 m„
918 3297 983 3348 “al.
1004 3313 1038 3348 m.
1058 3297 1135 3366 add.)

112 3419 161 3454 em,
184 3421 199 3454 c
237 3403 285 3470 qui
305 3403 414 3458 deuotis
434 3405 462 3457 et
481 3403 588 3457 orbatis
611 3404 718 3458 Traube
810 3409 842 3455 15
862 3370 1005 3471 ingrdluq3
1029 3419 1076 3455 cm.
1097 3405 1134 3457 al.

96 3485 132 3520 m.
240 3479 278 3525 19
298 3475 524 3546 extimescens>
625 3481 658 3529 ‘22
678 3474 770 3528 noctis
785 3477 827 3544 (φ)
846 3491 928 3528 cmc
1027 3478 1059 3524 23
1079 3476 1134 3527 tre-

67 3563 208 3630 pirenos
223 3579 291 3645 (nte
307 3585 427 3643 labentes
447 3589 500 3644 del.
523 3588 614 3658 prim.
634 3603 686 3650 ra,
711 3600 798 3653 supro
815 3597 915 3634 aeros.
944 3599 951 3642 ς
975 3579 1032 3630 oid.
1047 3596 1092 3643 pr.
1106 3597 1145 3632 m,
