2460 3834
224 190 358 246 APVLEI
375 190 728 245 METAMORPHOSEON
746 190 813 245 LIB.
827 191 873 258 III,
894 196 936 245 15.
956 196 989 245 16
1072 190 1114 256 63

41 301 94 343 Oud-
1121 301 1141 340 Ε

92 363 223 437 profana
245 361 414 436 petulantia
442 361 629 419 committam
656 359 767 438 grande
790 355 960 436 flagitium',
988 364 1019 419 et
1046 379 1113 419 cum

93 449 174 508 dicto
196 449 325 524 pessulis
352 449 470 508 iniectis
499 451 528 508 et
554 449 662 507 uncino
690 448 816 507 firmiter
842 447 975 508 immisso
1004 451 1046 508 sic
1075 450 1113 508 ad

92 558 141 598 me
163 557 283 598 reuersa
305 539 441 615 colloque
463 557 528 597 meo
556 537 694 597 manibus
723 536 865 596 ambabus
892 538 1013 613 inplexa
1040 557 1112 597 uoce

92 629 179 687 tenui
202 631 232 687 et
257 627 416 687 admodum
434 623 611 703 m[e]inuta:
636 622 764 702 ‘pauco',
787 628 897 701 inquit,
920 621 962 685 ‘et
984 628 1112 686 formido

94 716 188 776 solide
219 716 323 776 domus
354 717 444 776 huius
476 719 581 792 operta
612 716 749 793 detegere
777 717 808 774 et
838 733 947 774 arcana
974 715 1139 778 dominaeo

39 819 81 860 aco
94 824 178 864 meae
200 806 333 864 reuelare
356 808 477 866 secreta.
524 804 575 864 sed
598 805 705 864 melius
729 804 764 862 de
787 807 817 862 te
842 805 1035 880 doctrinaque
1059 808 1113 864 tua

92 912 265 971 praesumo,
298 897 351 970 qui
381 897 501 970 praeter
532 912 707 971 generosam
741 894 888 952 natalium
923 893 1112 971 dignitatem,

93 987 214 1059 praeter
232 983 358 1042 sublime
380 983 533 1061 ingenium
553 984 644 1041 sacris
663 982 798 1058 pluribus
817 984 956 1041 initiatus
978 985 1111 1058 profecto

93 1073 174 1132 nosti
197 1075 331 1131 sanctam
354 1072 467 1132 silentii
489 1071 586 1130 fidem.
632 1090 834 1146 quaecumque
860 1072 964 1147 itaque
992 1073 1112 1130 commi·

94 1179 159 1221 sero
182 1162 271 1222 huius
293 1162 428 1238 religiosi
449 1162 579 1236 pectoris
602 1163 649 1218 tui
666 1159 877 1235 penetralibus
901 1178 1017 1236 semper
1039 1161 1111 1220 haec
1126 1182 1152 1223 10

92 1252 175 1309 intra
195 1241 200 1332 l
220 1254 392 1326 conseptum
417 1251 517 1308 clausa
541 1250 705 1323 custodias,
731 1251 802 1326 oro,
830 1252 860 1307 et
887 1249 1111 1324 simplicitatem

93 1339 250 1399 relationis
277 1358 360 1398 meae
387 1341 550 1398 tenacitate
573 1339 790 1398 taciturnitatis
817 1340 887 1396 tuae
911 1342 1110 1397 remunerare.

92 1447 164 1487 nam
187 1447 247 1504 me,
279 1448 353 1503 quae
384 1429 450 1487 sola
471 1429 644 1487 mortalium
667 1427 754 1502 noui,
787 1446 870 1485 amor
892 1428 931 1500 is,
964 1447 1022 1502 quo
1055 1427 1112 1486 tibi

39 1531 79 1570 aar
92 1519 205 1592 teneor,
222 1517 354 1576 indicare
374 1517 533 1593 compellit.
561 1517 621 1574 iam
641 1519 715 1576 scies
734 1535 850 1574 omnem
869 1516 973 1574 domus
992 1519 1152 1575 nostraene

94 1609 222 1680 statum,
258 1608 319 1665 iam
349 1608 423 1666 scies
455 1625 523 1664 erae
554 1625 637 1664 meae
669 1605 805 1663 miranda
837 1607 966 1679 secreta,
1004 1604 1109 1680 quibus
1125 1626 1150 1666 ro

93 1695 260 1755 obaudiunt
295 1713 411 1769 manes,
447 1694 608 1753 turbantur
643 1694 752 1768 sidera,
797 1695 943 1770 coguntur
978 1694 1110 1770 numina,

92 1775 229 1843 seruiunt
256 1785 409 1843 elementa.
456 1802 510 1842 nec
537 1802 679 1858 umquam
702 1783 798 1858 magis
828 1783 901 1841 artis
931 1783 1018 1842 huius
1046 1784 1109 1841 uio·

93 1872 188 1932 lentia
210 1874 327 1946 nititur,
352 1892 441 1949 quam
460 1891 527 1931 cum
546 1872 669 1931 scitulae
688 1871 834 1930 formulae
853 1873 989 1929 iuuenem
1010 1891 1109 1946 quem-

93 1963 174 2039 piam
207 1962 335 2021 libenter
366 1961 493 2038 aspexit,
532 1961 612 2036 quod
645 1961 764 2037 quidem
798 1961 825 2017 ei
861 1960 937 2018 solet
968 1960 1110 2020 crebriter

93 2050 221 2109 euenire.
1124 2071 1150 2110 ao

160 2139 247 2198 Nunc
271 2140 363 2198 etiam
390 2140 607 2198 adulescentem
635 2137 782 2214 quendam
810 2139 967 2195 Boeotium
995 2157 1109 2197 summe
1125 2138 1163 2192 lc

93 2227 233 2286 decorum
256 2229 390 2287 efflictim
414 2229 529 2303 deperit
551 2230 689 2302 totasque
713 2228 786 2286 artis
810 2245 928 2300 manns,
956 2227 1108 2286 machinas

93 2335 194 2376 omnes
217 2318 356 2376 ardenter
374 2320 496 2376 exercet.
529 2317 632 2375 audiui
654 2317 781 2391 uesperi,
804 2317 878 2373 meis
900 2315 955 2389 leis,
977 2316 1109 2391 inquam,

93 2404 216 2465 auribus
234 2405 345 2476 audiui,
365 2406 444 2481 quod
462 2425 521 2465 non
540 2406 664 2464 celerius
683 2405 727 2463 sol
747 2405 828 2463 caelo
847 2405 956 2462 ruisset
969 2405 1108 2480 noctique

39 2510 79 2548 sca
93 2495 132 2554 ad
160 2495 334 2555 exercendas
361 2496 525 2554 inlecebras
552 2496 669 2572 magiae
696 2494 842 2552 maturius
871 2495 1020 2567 cessisset,
1050 2495 1149 2568 ipsias

164 2698 275 2754 s1eeb.
295 2705 385 2768 pesa
464 2706 478 2753 1
497 2700 617 2774 pphaua
636 2701 677 2768 (φ)
750 2705 766 2751 4
785 2714 831 2752 me
848 2698 932 2751 Inuta
949 2699 1004 2752 oid.
1023 2699 1109 2765 faisse

94 2770 135 2838 (ire
149 2787 201 2840 mp.
216 2771 281 2825 cdd.
296 2772 333 2840 d),
352 2790 386 2825 m.
401 2773 532 2826 recentior
550 2787 618 2825 corr.
638 2770 779 2823 diminuta
800 2771 882 2836 redet.
901 2771 1002 2838 primis
1021 2771 1071 2822 litt.

93 2861 128 2910 p:
143 2840 268 2909 meinuta
309 2842 419 2896 minuta
449 2842 510 2896 Oad
537 2844 571 2910 cf.
596 2846 679 2907 85,24
725 2841 865 2894 diminuta
892 2858 907 2894 v
1029 2847 1044 2893 6
1073 2841 1108 2906 cf.

93 2912 146 2964 XI
154 2915 190 2965 21
200 2930 240 2966 cc.
345 2919 360 2966 8
380 2915 414 2981 cf.
435 2915 506 2982 apol.
522 2918 558 2967 55
573 2914 721 2981 (622011.)
828 2918 860 2965 10
880 2911 932 2964 hoc
951 2912 1037 2966 Scibel

94 2989 126 3036 11
147 2982 283 3056 (cordis)
303 2986 469 3052 conseptum·
484 2985 565 3039 edVl
682 2989 714 3036 13
734 2983 838 3037 amoris
858 2986 903 3051 (φ,
922 2985 954 3037 ire
972 3000 1023 3052 rap.
1043 2983 1107 3037 cdd.

92 3067 109 3142 d
127 3105 206 3143 amor
223 3088 240 3142 i
254 3091 356 3144 amoris
374 3090 391 3144 t
408 3090 510 3144 amoris
529 3091 584 3160 uis)
596 3089 622 3143 is
636 3091 734 3145 induc.
750 3090 785 3144 cl.
801 3108 835 3143 m.
873 3089 961 3161 (uis)
976 3089 1108 3143 amorisv

93 3177 172 3214 amor
190 3161 214 3214 is
233 3163 278 3216 Hc
296 3163 331 3228 cf.
348 3163 402 3218 (lic,
418 3163 450 3216 dc
463 3169 521 3217 rect.
537 3164 609 3216 decr.
620 3163 658 3214 Π
668 3165 783 3227 55,137.·
801 3177 883 3214 sucus
897 3159 921 3214 is
937 3177 991 3229 quo
1006 3159 1109 3213 alimur

93 3231 126 3286 dc
140 3232 194 3286 div.
215 3233 252 3286 II
264 3237 376 3298 66,135.·
399 3234 483 3287 draco
505 3232 543 3300 is,
567 3250 651 3301 quem
674 3235 763 3286 mater
787 3230 933 3301 Olympias
958 3231 1054 3284 alebat
1075 3231 1108 3284 dc

93 3301 148 3357 die.
163 3304 202 3356 II
212 3308 269 3370 1,3.·
294 3302 366 3357 liber
388 3305 412 3357 is
521 3311 554 3358 15
578 3320 646 3375 *ere
669 3304 772 3373 (noch
795 3305 875 3371 eras.)
922 3323 955 3370 φε
970 3301 1036 3355 here

94 3413 128 3463 18
153 3373 227 3463 nisit
240 3411 283 3480 (φ)
298 3411 348 3464 litt.
363 3411 454 3477 refict,
473 3412 519 3465 aed
536 3412 651 3478 fuerant
687 3411 776 3463 utitur
789 3410 830 3464 cd.
841 3427 886 3478 pr.
964 3414 996 3461 19
1017 3385 1107 3460 edbrit

93 3482 198 3551 (omnic
211 3483 247 3536 ab
261 3482 319 3535 eod.
330 3499 364 3536 m.
374 3482 477 3560 compa)
531 3488 565 3536 22
574 3498 678 3536 manus
689 3481 830 3557 <strenue
843 3477 974 3547 esseut}
983 3476 1069 3526 odit

89 3574 126 3622 23
141 3568 250 3622 meisiis
262 3570 301 3638 (φ,
322 3573 353 3625 in
370 3565 490 3629 mei⁸his
506 3591 579 3632 corr.
598 3593 638 3630 sn.
656 3576 726 3646 reci
762 3571 841 3626 meis
856 3566 931 3621 ‘istis
947 3561 1037 3616 Roob
