2460 3834
119 162 169 234 54
267 162 404 228 arvum
422 176 779 247 unrnuoaeuosnou
797 193 864 251 un.
881 195 929 262 m,
948 201 972 250 a
991 201 1009 249 4

57 285 259 398 mfistulato
283 353 319 396 ac
342 359 396 417 per
418 346 476 408 hoc
499 357 644 430 guttatim
667 360 763 421 defluo
787 364 887 423 infusa
909 383 988 440 aqua
1006 305 1180 439 populumE

125 428 171 488 sic
194 420 313 485 adorat:

196 505 312 614 {dieque
331 539 428 594 parua
451 547 497 589 res
517 551 552 592 ac
569 538 737 613 praecipue
748 559 853 616 pacem
875 543 1008 601 ciuitatis
1027 544 1151 600 cunctae

67 625 111 670 178
126 612 348 708 mundasset
376 618 511 694 exemplo
539 623 616 684 serio
644 629 802 702 profutura
828 633 990 706 tractatur,
1019 630 1150 700 Quirites

99 695 320 794 osaesstffislml-
367 721 459 778 quare
482 712 579 790 magis
607 718 746 796 congruit
773 720 875 779 sedulo
903 721 1035 798 singulos
1059 722 1150 795 atque

130 801 297 889 uniuersos·
314 806 368 891 uos
398 814 453 869 pro
485 799 632 879 dignitate
660 807 781 881 publica
806 809 974 884 prouidere,
1004 827 1041 866 ne
1068 809 1150 868 nefa-

130 890 194 972 nus
217 871 369 976 hcm1c1da
391 887 439 944 tot
457 890 591 950 caedium
610 893 770 970 lanienam,
794 917 884 974 quam
907 903 1042 957 amenter
1069 916 1151 956 exer·

130 964 206 1036 curt,
238 984 350 1067 {npune
386 980 591 1041 commisserit.
644 1003 698 1044 nec
730 1006 776 1045 me
806 989 918 1063 putetis
953 986 1086 1062 priuatis
1112 986 1151 1045 si·

131 1051 310 1116 multatibus
333 1061 511 1126 instinctum
534 1071 603 1130 odio
627 1077 748 1151 proprio
771 1079 894 1136 saeuire.
932 1094 999 1135 sum
1021 1093 1151 1151 namque

90 1166 117 1208 ro
131 1143 295 1206 nocturnae
328 1153 480 1215 custodiae
513 1162 681 1235 praefectus
711 1183 765 1223 nec
792 1166 823 1223 in
855 1164 1031 1224 hodiernum
1063 1163 1150 1223 credo

131 1250 313 1310 quemquam
340 1245 519 1324 peruigilem
542 1241 551 1332 ll
574 1251 758 1331 diligentiam
785 1273 882 1313 meam
909 1254 1028 1329 culpare
1055 1270 1150 1328 posse.

131 1341 193 1380 rem
221 1323 349 1404 denique
378 1333 475 1408 ipsam
508 1340 538 1399 et
568 1360 644 1416 quae
674 1345 760 1402 nocte
791 1346 875 1421 gesta
902 1346 972 1402 suut
999 1362 1066 1401 cum
1093 1341 1151 1400 fide

131 1411 289 1513 proferam.
336 1440 406 1481 nam
439 1443 505 1485 cum
537 1429 599 1488 fere
631 1433 693 1490 iam
723 1434 815 1491 tertia
842 1432 948 1510 uigilia
978 1431 1152 1505 scrupulosa

132 1499 291 1604 dphgentia
320 1515 445 1574 cunctae
477 1518 610 1579 ciuitatis
643 1521 778 1580 ostiatim
810 1522 929 1599 singula
962 1520 1151 1579 considerans

92 1610 118 1652 1⁵
133 1596 332 1674 circumirem,
360 1606 509 1681 conspicio
537 1608 630 1668 istum
657 1610 895 1669 crudelissimum
921 1611 1060 1667 iuuenem
1087 1629 1151 1667 mu·

77 1695 119 1736 179
133 1700 220 1742 crone
254 1686 395 1751 destricto
425 1696 537 1770 passim
569 1698 708 1759 caedibus
739 1708 911 1775 operantem
943 1700 1062 1773 iamque
1095 1699 1151 1756 tris
1166 1712 1192 1751 41

131 1790 256 1835 numero
288 1783 416 1841 saeuitia
447 1787 510 1845 eius
537 1787 731 1863 interemptos
759 1788 939 1863 antepedes
967 1786 1063 1862 ipsius
1092 1786 1150 1861 spi·

131 1865 232 1924 rantes
261 1868 372 1944 adhuc,
405 1874 578 1949 corporibus
605 1879 637 1935 in
665 1878 760 1936 multo
789 1879 931 1955 sanguine
958 1876 1149 1951 palpitantes.

133 1953 164 2010 et
187 1954 250 2029 ipse
270 1960 389 2034 quidem
409 1967 591 2024 conscientia
614 1968 690 2024 tanti
715 1967 855 2025 facinoris
873 1966 980 2024 merito
998 1967 1151 2040 permotus

93 2045 237 2103 aestatim
260 2049 395 2128 profugit
417 2056 448 2111 et
470 2053 502 2112 in
525 2054 646 2113 domum
671 2055 820 2131 quandam
843 2054 992 2132 praesidio
1015 2053 1151 2112 tenebra-

132 2151 200 2192 rum
230 2136 348 2213 elapsus
377 2147 530 2217 perpetem
560 2147 677 2203 noctem
707 2144 834 2203 delituit.
882 2143 933 2202 sed
962 2141 1151 2218 prouidentia

133 2221 234 2301 deum,
263 2246 338 2303 quae
362 2231 437 2289 nihil
460 2233 642 2308 impunitum
669 2233 843 2292 nocentibus
867 2233 1027 2309 permittit,
1054 2232 1150 2306 prius-

133 2332 223 2387 quam
250 2318 307 2377 iste
335 2319 527 2380 clandestinis
555 2321 713 2381 itineribus
742 2321 921 2394 elaberetur,
951 2339 1037 2378 mnne
1065 2338 1150 2395 prae-

132 2403 261 2463 stolatus
285 2407 323 2466 ad
351 2410 561 2486 grauissimum
589 2411 694 2470 iudicii
721 2412 814 2469 uestri
842 2412 1060 2469 sacramentum
1083 2427 1151 2467 eum

93 2511 118 2551 as
133 2496 237 2552 curaui
259 2497 429 2572 perducere.
475 2498 592 2559 habetis
619 2501 721 2576 itaque
749 2519 833 2557 reum
861 2502 907 2558 tot
935 2497 1073 2556 caedibus
1095 2498 1150 2555 im·

132 2583 263 2659 piatum,
285 2605 370 2645 reum
394 2605 493 2648 coram
517 2588 708 2664 deprensum,
731 2608 815 2648 reum
839 2589 1034 2664 peregrinum.
1082 2604 1151 2645 con-

134 2674 249 2733 stanter
278 2675 381 2752 itaque
410 2677 441 2735 in
471 2677 622 2736 hominem
653 2678 783 2736 alienum
813 2678 889 2735 ferte
920 2677 1082 2736 sententias
1115 2674 1151 2734 de

133 2779 167 2820 eo
191 2765 323 2839 crimine,
346 2765 426 2842 quod
449 2769 541 2826 etiam
564 2769 597 2824 in
622 2770 752 2825 uestrum
771 2768 866 2825 civem
889 2764 1030 2825 seueriter
1053 2764 1151 2822 uindi-

94 2860 121 2900 29
135 2848 262 2912 caretis?

97 2936 117 2993 4
201 2942 250 3002 Sic
274 2946 411 3019 profatus
440 2947 596 3004 accusator
624 2938 831 3022 a[c]cerrimus
859 2946 1020 3003 immanem
1047 2960 1151 3000 uocem

205 3076 313 3132 F135·.
333 3077 425 3148 etth.
510 3085 524 3131 7
544 3081 605 3132 tota
624 3082 650 3147 (“
664 3080 698 3133 al.
719 3096 753 3132 m.
773 3078 827 3132 oid.
847 3078 954 3145 addid.)
973 3077 1039 3149 ediri
1059 3082 1101 3145 (φ)

133 3148 203 3214 8cf.
218 3149 296 3204 Nc'ue
310 3151 374 3205 Lat.
391 3150 676 3205 Ferrueut³111407
790 3154 823 3202 13
854 3148 914 3203 fera
959 3169 992 3218 cp:
1011 3148 1096 3222 pferd
1115 3149 1150 3214 cf.

133 3222 212 3284 13,11
233 3221 264 3275 X
278 3225 296 3275 7
306 3238 346 3275 ec.
457 3226 489 3274 15
508 3238 641 3276 mucrone
660 3225 685 3290 (c
699 3237 768 3275 corr.
783 3238 816 3274 ex
833 3168 910 3274 icat
922 3224 945 3288 r)
1056 3224 1088 3271 16
1109 3219 1151 3273 di·

133 3289 229 3344 stricto
243 3299 309 3347 mut.
321 3309 365 3360 pr.
380 3309 416 3346 m.
430 3294 462 3346 iu
477 3293 521 3359 de,
540 3295 622 3347 etiam
636 3294 667 3345 iu
682 3310 732 3362 τηρ.
748 3293 843 3346 addito
858 3293 892 3345 de
934 3313 968 3360 p:
984 3291 1115 3344 destricto

135 3367 167 3414 ll
192 3361 364 3432 spirantibus
382 3364 461 3417 oth
562 3369 594 3418 18
614 3363 819 3432 palpitantibus
834 3363 937 3417 Florid
1040 3367 1072 3414 22
1091 3369 1153 3431 post

120 3434 275 3497 permittit
289 3434 407 3507 <inueni
422 3434 544 3488 hominis
563 3433 737 3505 latibulum>
751 3437 793 3488 uel
810 3435 869 3488 sim.
885 3433 1053 3488 iruercids'sce
1068 3440 1153 3501 putat

107 3500 173 3552 leo
259 3511 298 3558 26
316 3509 487 3562 constanter
504 3509 540 3576 cf.
557 3512 638 3576 6410
720 3509 754 3560 30
775 3505 881 3581 pphatq
900 3522 980 3574 corp
1062 3505 1151 3558 accel-

92 3564 166 3631 lffflf
185 3573 233 3639 (φ)
252 3592 304 3629 em,
326 3580 366 3632 al.
388 3597 425 3634 m.
